1730 3326
418 209 478 255 ’ὁὸ
721 204 1365 252 LUCIANI

417 304 680 365 ἀξιόπιστον,
698 327 774 354 και
791 328 1047 375 υποκριτικην
1060 327 1130 354 του
1106 305 1380 364 βελτίονος,
1399 324 1476 352 και
1491 300 1551 371 τῷ
1563 301 1673 351 {rat-

416 381 610 468 τιωτατῳ
636 404 704 438 της
724 379 1009 438 &ww-2⁶04
999 382 1184 430 εοικυῖαν.
1214 376 1337 434 ουὸεις
1357 399 1458 441 γουν
1474 397 1674 446 τοπρωτον

417 449 613 517 ἒντυχωι,
638 458 711 505 οὐκ
735 453 903 514 anime
925 455 1044 516 δοξαν
1062 448 1263 514 λαβων
1247 474 1348 502 υπεο
1368 452 1517 506 αὐτοῦ,
1546 452 1600 507 ὡς
1618 450 1673 508 εἰη

415 530 584 581 πάντων
601 530 817 600 ἀνθρώπων
833 529 1136 601 χρηστότατος,
1156 551 1232 578 και
1253 524 1581 582 ἐπιεικέστατος,
1597 548 1674 575 και

415 603 582 688 προσ-ἔτι
602 604 930 662 απλοιιιωτατος
948 626 1014 658 τε,
1033 627 1108 654 και
1129 602 1445 663 αῼελεο-τατος.
1467 599 1536 652 ἐπι
1557 603 1673 652 πᾶσι

417 675 462 732 δε
481 680 651 737 τούτοις,
680 703 724 729 το
748 691 1053 748 μεγαλουργες
1082 677 1254 750 προσ-ἧν,
1285 700 1361 728 και
1386 701 1431 728 το
1457 668 1581 745 μηδεν
1608 676 1674 726 αεὶ

416 780 556 826 μικοον
578 758 759 810 ἐπινοεῖν,
779 758 888 842 ἀλλ’
905 755 970 804 αει
991 777 1072 810 τοις
1084 760 1305 824 μεγίστοις
1323 749 1488 815 ἐπέχειν
1499 775 1563 803 τον
1577 775 1670 802 νουν

369 851 388 897 5
417 831 646 913 Μειρακιον
666 852 741 897 μεν
761 854 821 881 ουν
841 827 899 881 ἔτι
920 853 992 884 ων,
1010 853 1123 879 πανυ
1143 830 1304 899 ὡραιον,
1323 852 1376 885 ως
1396 827 1474 888 ὲνην
1493 824 1585 878 ἀπο
1604 824 1673 885 τῖς
1729 867 1730 899 ss

415 920 628 975 καλαμνς
647 905 988 975 τεκααιρεσθαι,
1006 926 1082 957 και
1103 902 1262 954 ακουειν
1281 926 1360 954 των
1379 899 1669 971 διηγουμενων,
1729 902 1730 935 ³

415 979 580 1041 ἀνέδην
571 1003 746 1072 επορνευε
759 1018 770 1035 ,
792 1004 867 1031 και
889 1002 1004 1040 συνην
1024 982 1092 1030 ἐπι
1071 977 1272 1050 suffic}
1290 1003 1369 1035 τοις
1388 975 1672 1048 βουλομενοις.

414 1060 450 1109 ὲν
471 1049 515 1107 δε
543 1081 600 1108 τοι
603 1081 623 1113 ς
652 1057 830 1114 ἄλλοις,
861 1056 1090 1126 λαμβανει
1119 1079 1178 1112 τις
1198 1077 1319 1106 αυτον
1346 1049 1522 1124 ἔροιο-της
1549 1053 1672 1118 γόης,

414 1156 493 1183 των
520 1138 716 1203 μαγείας
739 1155 814 1182 και
835 1129 1008 1202 ὲπωδας
1029 1132 1330 1188 θεσπεσιους
1310 1152 1672 1198 υπισχνουμενων,

415 1231 490 1258 και
517 1230 701 1278 χαριτας
727 1207 796 1258 ἐπι
830 1231 912 1264 τοις
942 1209 1158 1276 ἐρωτικοις,
1189 1230 1267 1258 και
1309 1203 1564 1270 ὲπαγωγέος
1592 1229 1673 1262 τοις

416 1285 589 1352 ἔχθραις,
611 1305 687 1333 και
668 1281 971 1372 &no-avpcov'
949 1304 1236 1363 αναπομπας,
1254 1305 1330 1333 και
1357 1292 1518 1352 κλήρων
1539 1281 1673 1332 διαδο-

414 1359 518 1420 χας.
540 1381 652 1414 ουτος
674 1351 766 1408 ἔδων
789 1360 932 1411 stvo'Z
951 1358 1113 1412 παῖδα,
1134 1368 1211 1409 καὶ
1230 1381 1330 1429 προς
1350 1361 1572 1429 υπηρεσ-ίοον
1593 1381 1676 1408 των

415 1456 542 1485 αυτου
559 1433 747 1505 τραέεων
768 1434 1048 1503 ἑτοιμοτατον,
1068 1457 1111 1485 ου
1129 1456 1242 1504 μειον
1262 1432 1410 1504 ἐρωντα
1424 1457 1494 1493 της
1511 1438 1672 1490 κακίας

413 1570 498 1608 dem
524 1568 631 1608 facile
658 1569 852 1617 inveniat,
870 1582 970 1622 quae
993 1571 1142 1623 optima
1164 1568 1335 1618 simulet,
1352 1569 1394 1610 ὃ(
1412 1569 1579 1609 maxime
1595 1568 1674 1618 his,

412 1645 514 1685 quae
530 1631 615 1671 vult
629 1663 641 1678 ,
664 1631 854 1671 adversari
878 1633 1065 1672 videatur.
1091 1632 1219 1672 Nemo
1243 1633 1356 1684 igitur
1370 1663 1381 1680 ‚
1401 1632 1468 1685 qui
1489 1633 1616 1684 primo
1631 1632 1673 1671 il-

412 1694 491 1734 lum
508 1693 761 1742 conveniffet,
778 1707 856 1734 non
871 1694 921 1735 sic
936 1695 983 1734 ab
1001 1707 1051 1734 eo
1063 1693 1220 1734 disceffit
1233 1725 1243 1742 ‚
1267 1706 1310 1734 ut
1322 1705 1472 1747 putaret
1497 1694 1670 1734 omnium

410 1757 516 1796 illum
541 1757 744 1796 hominum
765 1758 970 1809 optimum,
991 1757 1031 1796 &
1053 1756 1332 1810 aequissimum,
1351 1758 1393 1797 δι
1410 1756 1455 1796 ad
1478 1756 1570 1796 haec
1584 1754 1672 1795 fim-

411 1815 652 1869 pliciffimum
667 1845 678 1864 ‚
703 1827 818 1869 atque
840 1817 888 1856 ab
913 1817 1019 1856 omni
1042 1815 1135 1857 fuco
1154 1818 1336 1856 alienum.
1359 1817 1482 1870 Super
1500 1829 1546 1857 ea
1571 1830 1671 1857 vero

411 1879 544 1918 omnia
569 1880 690 1918 inerat
709 1879 899 1932 quaedam
922 1879 961 1918 in
980 1879 1069 1918 viro
1092 1878 1399 1931 magnificentia,
1422 1879 1464 1918 δι
1482 1879 1588 1932 quod
1613 1880 1673 1918 ni-

410 1941 465 1981 hil
489 1954 658 1994 unquam
682 1942 866 1993 cogitaret
889 1954 1077 1994 parvum,
1101 1941 1162 1981 sed
1189 1942 1302 1981 rebus
1325 1940 1472 1994 semper
1495 1943 1672 1982 maximis

410 2015 577 2043 mentem
603 2004 816 2057 applicaret.
840 2003 941 2044 Cum
965 2004 1081 2057 igitur
1101 2003 1318 2045 adolescens
1345 2005 1468 2045 adhuc
1487 2004 1578 2044 effet
1594 2004 1671 2046 for-

410 2064 538 2105 mosus
559 2066 767 2105 admodum
780 2095 793 2111 ‚
813 2066 919 2117 quod
935 2064 1070 2104 licebat
1086 2078 1108 2104 e
1124 2064 1259 2117 stipula
1277 2068 1374 2119 quasi
1385 2066 1420 2104 6·
1434 2066 1580 2118 reliquiis
1591 2065 1670 2117 sbr-

408 2143 483 2167 mae
506 2127 708 2179 colligere,
740 2126 779 2165 &
803 2127 932 2165 audire
955 2139 977 2165 a
999 2126 1263 2173 narrantibus,
1286 2125 1404 2166 effuse
1431 2127 1670 2180 impudicus,

406 2190 531 2243 pretio
554 2189 704 2241 copiam
731 2187 787 2227 sui
811 2187 973 2228 faciebat
995 2188 1231 2240 rogantibus.
1259 2187 1363 2227 Inter
1381 2187 1477 2228 alios
1501 2188 1606 2228 ducit
1628 2188 1670 2227 il-

405 2251 488 2291 lum
515 2263 665 2290 amator
691 2250 849 2302 aliquiS,
883 2250 1165 2303 praestigiator,
1188 2263 1237 2289 ex
1259 2263 1394 2290 eorum
1418 2263 1579 2304 genere,
1599 2251 1668 2303 qui

406 2312 572 2363 magicas
595 2322 694 2350 artes
716 2311 757 2351 δι
772 2311 917 2350 divinas
938 2312 1214 2351 incantationes
1235 2311 1486 2364 pollicentur,
1512 2312 1554 2352 δι
1573 2310 1670 2364 phil-

406 2384 464 2412 tra
483 2386 670 2422 venerea,
695 2373 734 2412 &
757 2373 998 2412 inimicorum
1016 2373 1125 2413 illicia
1138 2402 1150 2419 ,
1177 2373 1219 2413 &
1240 2372 1437 2413 thesauros
1457 2373 1668 2423 eruendos,

406 2434 447 2473 &
469 2434 702 2474 hereditates.
731 2435 805 2473 Hic
825 2435 960 2474 videns
983 2433 1216 2487 ingeniosum
1246 2447 1434 2488 puerum,
1457 2435 1498 2474 δι
1519 2434 1565 2473 ad
1582 2432 1667 2473 sua-

406 2509 493 2537 rum
509 2497 703 2538 aCtionum
719 2496 923 2537 ministeria
945 2495 1241 2551 paratiffunum,
1264 2509 1345 2537 non
1365 2497 1490 2538 minus
1503 2495 1591 2538 suae
1601 2509 1666 2538 cu-
