1730 3326
397 243 491 292 '412
600 231 1468 279 ANNOTATIONES

400 320 603 373 Quidquid
614 320 672 365 fit,
688 319 754 359 etsi
765 319 997 367 μολυβέίνας
1011 320 1072 359 hic
1085 319 1254 361 usitatius
1265 321 1367 369 esset,
1383 333 1457 374 ego
1470 321 1562 361 nihil
1578 333 1659 361 mu-

399 383 482 412 tare
496 373 624 414 ausim.
643 374 786 413 REITz.
801 372 1031 417 Μολυβέίνοις
1049 372 1119 424 Μ,ίῖ
1134 374 1228 426 Reg.
1247 389 1314 426 301
1329 388 1359 413 1.
1647 398 1649 401 .

455 427 544 481 Pag.
558 426 620 478 89.
632 428 656 466 l.
676 440 705 465 1.
725 427 793 465 Kx}
806 428 901 476 μόνῳ
914 427 977 465 τὴν
994 427 1026 464 ἑν
1039 424 1163 466 αὐτοῖς
1179 425 1346 467 ἀλήθειαν
1361 426 1500 481 sistra)
1524 427 1662 468 Petro-

404 481 513 520 nius:
530 481 606 533 Ipse
614 492 714 533 pater
724 481 807 526 veri,
819 482 933 519 doHus
944 480 1115 531 Epicurus
1131 481 1165 518 in
1181 481 1300 520 hortis.
1325 480 1662 521 Fluxa-testimonia
1703 483 1706 485 ’

402 533 569 586 congessi
584 536 628 573 ad
645 534 781 574 Laertii
796 534 1018 585 Epicurum.
1040 534 1218 573 MENAG.

458 590 530 626 ead.
542 589 565 626 l.
582 602 616 635 4.
631 587 866 640 Ἀτεγκτος)
889 586 948 627 Sic
974 585 1103 626 rursus
1123 587 1219 626 infra
1240 587 1361 627 utitur
1385 586 1489 627 Dial.
1508 587 1666 628 Meretr.
1694 600 1697 602 ·

404 640 492 681 XII.
519 641 677 680 SOLAN.

459 696 532 732 ead.
549 695 574 732 l.
591 694 626 733 8.
640 691 727 732 Τοὺς
746 693 827 744 περὶ
845 692 1020 745 Λέπιὲον)
1034 693 1126 732 Νοη
1139 693 1267 733 debuit
1282 693 1394 739 verti,
1405 706 1486 741 eos,
1501 693 1666 745 quicum

405 747 548 798 Lepido
561 759 687 793 erant,
713 745 774 785 sed
789 757 832 785 ut
850 747 1083 786 mutavimus
1097 776 1107 793 ,
1134 747 1320 799 Lepidum
1335 747 1468 799 ipsum.
1498 747 1601 787 Nota
1614 748 1668 788 est

407 800 558 854 phrafis.
580 800 652 840 Sed
671 801 755 852 quis
778 800 837 839 ille
857 799 1043 852 Lepidus?
1070 799 1319 839 Romanusne
1340 800 1598 852 magistratus,
1619 815 1668 842 an

407 853 680 907 philosophus?
696 865 762 892 aut
777 854 962 906 privatus,
976 853 1035 893 sed
1047 852 1182 893 doetus
1195 855 1346 894 tamen?
1362 853 1426 893 De
1440 854 1575 894 eodem
1585 867 1670 909 cap.

410 922 481 958 431
501 907 658 946 SoLAN.

463 964 537 1000 cad.
553 961 578 999 l.
602 961 660 999 16,
687 960 901 1013 Μάλβακα)
924 960 961 999 Α
979 961 1106 1000 malva
1128 960 1264 1000 Latino
1283 959 1434 1010 μάλβαι,
1454 962 1674 1011 parasitando,

409 1014 581 1064 μέιλβειξ.
606 1014 788 1054 MENAG.
815 1014 875 1054 Ne
890 1015 979 1067 quis
993 1026 1135 1054 temere
1157 1014 1310 1053 damnet
1324 1013 1552 1054 versiculum
1570 1015 1673 1055 Lati-

411 1081 519 1115 num,
538 1080 667 1120 quem,
680 1069 765 1108 licet
778 1067 997 1115 absurdum,
1014 1068 1064 1107 sic
1081 1067 1165 1107 satis
1179 1078 1356 1119 putamus
1368 1067 1420 1108 ob
1433 1068 1467 1106 id
1482 1067 1602 1119 ipsum
1616 1081 1674 1108 re·

410 1121 596 1174 spondere
609 1121 786 1168 Graeco,
806 1123 871 1174 qui
885 1135 1021 1173 nempe
1037 1122 1084 1160 ab
1102 1120 1183 1174 ipso
1199 1121 1354 1161 au&ore
1374 1132 1419 1160 ut
1436 1121 1618 1162 ridiculus
1632 1123 1675 1162 δι

414 1176 553 1215 nullius
568 1174 944 1228 sensusproponitur.
965 1176 1133 1226 Μώλβαιξ
1148 1174 1247 1214 forte
1262 1174 1314 1214 est
1334 1187 1382 1213 ex
1395 1175 1557 1222 Latino,
1573 1176 1675 1215 Ma&

402 1244 535 1269 ‚vacem
547 1229 668 1275 mulis,
684 1239 727 1267 ut
739 1243 799 1280 pes
809 1230 961 1268 betaceus
973 1229 1045 1268 &c.
1071 1235 1213 1281 Xoipeeoe
1232 1227 1395 1281 intellige
1407 1230 1509 1281 κρέα,
1523 1240 1568 1268 ut
1582 1242 1674 1267 σκυ-

413 1283 552 1321 λέικεωι
561 1282 646 1320 &id
658 1294 778 1334 genus
787 1282 878 1322 alia:
895 1281 1096 1332 κυμινεὺειν
1109 1281 1238 1321 fletum
1253 1283 1431 1328 verbum,
1445 1282 1506 1321 cui
1520 1281 1676 1333 respon-

414 1336 478 1374 det
490 1336 670 1381 cuminam,
683 1335 722 1374 h.
734 1348 766 1376 e.
777 1336 934 1376 cumino
946 1334 1165 1388 adspergere
1177 1335 1239 1375 vel
1251 1336 1425 1375 condire:
1442 1335 1620 1376 σι’πυὲνον
1637 1334 1683 1375 fi-

415 1386 520 1430 &um
536 1399 634 1441 puto
646 1401 694 1428 ex
706 1388 837 1437 σιπύη,
851 1402 951 1442 quae
965 1402 1092 1428 arcam
1106 1401 1173 1429 aut
1183 1402 1251 1428 vas
1262 1389 1519 1442 quodcunque
1527 1388 1676 1430 farinae

418 1442 661 1482 affervandae
677 1452 783 1482 notat
809 1442 909 1495 apud
923 1441 1230 1494 Aristophanem.
1249 1443 1374 1482 Licuit
1387 1442 1547 1482 orac'ulo
1559 1443 1597 1481 in
1615 1457 1678 1482 ›w-

415 1498 536 1548 μίνευε
558 1496 715 1536 alteram
732 1497 923 1549 corripere
936 1510 953 1544 3.
962 1509 1032 1536 nec
1045 1496 1154 1536 nobis
1167 1497 1452 1536 vitiovertetur
1463 1495 1578 1546 ipsius
1589 1498 1677 1535 mal-

418 1566 506 1590 vaca
520 1550 642 1589 media
654 1551 1016 1602 correptaretinere.
1031 1549 1270 1602 Sequuntur,
1282 1550 1408 1589 &iam
1423 1548 1584 1596 affuere,
1623 1550 1681 1590 lu-

416 1617 458 1643 ra
474 1604 509 1643 id
525 1616 645 1656 genus
657 1604 835 1651 oracula,
858 1604 895 1643 in
909 1603 1070 1657 quibus,
1089 1603 1115 1642 si
1134 1603 1242 1642 tidem
1258 1604 1470 1655 interpretis
1491 1615 1582 1655 prae
1616 1615 1679 1644 are

417 1657 612 1706 debemus,
626 1670 721 1703 non,
731 1658 819 1710 quid
834 1657 934 1697 ree‘ta
948 1658 1046 1697 ratio
1057 1656 1237 1710 postulet,
1248 1657 1310 1696 vel
1322 1657 1459 1710 poesis,
1473 1657 1678 1697 videndum

420 1710 493 1759 est,
515 1710 576 1750 sed
595 1711 687 1764 quid
699 1711 858 1751 Graecis
870 1710 1105 1763 respondeat.
1126 1711 1260 1764 Itaque
1282 1709 1476 1764 posuimus
1490 1711 1680 1750 interdum

418 1764 632 1804 versiculos
648 1764 818 1804 multum.
828 1766 1032 1804 deteriores
1046 1765 1114 1809 his,
1131 1777 1230 1816 quos
1246 1765 1395 1807 dederat
1411 1763 1597 1811 Erasmus,
1621 1762 1683 1804 sed

422 1818 556 1859 melius
571 1830 641 1858 nos
655 1818 725 1857 hac
740 1819 891 1871 quidem
908 1829 1014 1870 parte
1028 1817 1181 1858 fun&os
1192 1818 1324 1858 officio
1344 1828 1534 1871 putamus.
1552 1818 1681 1858 GESN.

420 1872 590 1925 Menagii
611 1882 741 1912 notam
761 1872 871 1926 plane
883 1871 1013 1912 iisdem
1025 1872 1155 1912 verbis
1177 1873 1213 1911 in
1230 1873 1273 1911 F.
1288 1871 1439 1923 Guyeti
1458 1870 1543 1911 Mff.
1567 1872 1685 1912 inve-

422 1926 501 1966 nio.
531 1926 676 1966 Rtn-z.

477 1980 568 2032 Pag.
579 1993 642 2032 90.
660 1980 683 2018 l.
699 1993 734 2028 4.
748 1977 946 2031 Μειζόνως)
959 1977 1107 2019 Confer
1123 1977 1237 2031 supra
1247 1991 1280 2018 c.
1293 1978 1316 2018 8
1335 1977 1359 2018 f.
1378 1977 1536 2019 SOLAN.

479 2036 552 2072 ead.
570 2034 592 2072 l.
605 2047 641 2084 7.
657 2033 826 2085 Γεράνων)
837 2033 954 2072 Simili
969 2031 1131 2072 artificio
1143 2033 1296 2072 callidus
1309 2032 1472 2086 Anglus,
1488 2031 1684 2086 quem-ipsi

423 2087 612 2133 vidimus,
625 2087 799 2127 Thomas
812 2085 966 2126 Irsonus
976 2116 990 2132 ,
1011 2097 1124 2138 caput
1140 2087 1306 2138 ligneum
1321 2086 1464 2139 loquax
1479 2087 1686 2126 concinna-

425 2151 499 2186 rat‚
512 2154 606 2194 quo,
619 2151 662 2181 ut
675 2139 750 2192 ipse
765 2141 954 2188 narrabat,
969 2151 1052 2180 tota
1064 2140 1195 2181 Caroli
1210 2140 1245 2180 ΙΙ
1260 2140 1359 2185 aula,
1376 2141 1416 2181 &
1433 2152 1500 2179 rex
1512 2139 1589 2191 ipse
1602 2139 1686 2180 viso

426 2193 635 2246 obstupuit.
660 2193 981 2234 Immurmurabat
997 2193 1252 2247 speetatorum
1265 2194 1399 2246 aliquis
1416 2195 1478 2234 ori
1497 2193 1604 2233 istius
1623 2207 1687 2234 ca-

427 2248 514 2300 pitis
526 2247 644 2287 hianti
656 2248 791 2294 verba,
803 2261 901 2300 quae
917 2248 955 2287 in
977 2248 1138 2288 buccam
1153 2259 1349 2296 venerant,
1361 2260 1592 2300 quacunque
1606 2247 1688 2287 libi—

427 2312 510 2340 tum
523 2314 602 2341 erat
615 2302 762 2354 lingua·,
787 2315 869 2354 quo
886 2301 989 2342 fauo
1009 2315 1101 2341 mox
1117 2301 1339 2354 responsum
1352 2302 1487 2341 eadem
1499 2301 1627 2354 lingua
1643 2302 1686 2342 δι

430 2356 476 2393 ad
492 2368 569 2395 rem
582 2354 1009 2396 accommodatissimum
1021 2355 1204 2406 exligneo
1217 2356 1339 2406 capite
1350 2356 1584 2395 reddebatur.
1601 2353 1688 2394 Pen-

430 2407 633 2449 crebuerat
645 2410 717 2448 iam
730 2421 797 2462 per
809 2420 927 2448 totam
943 2409 1075 2449 urbem
1089 2408 1247 2449 monstri
1262 2407 1376 2448 fama.
1393 2408 1423 2448 F
1426 2419 1625 2461 requentes
1639 2407 1686 2447 ad

429 2472 557 2501 tantae
578 2463 631 2502 rei
646 2463 871 2503 miraculum
884 2492 894 2510 ‚
910 2463 994 2503 data
1009 2464 1167 2516 pecunia
1181 2461 1366 2516 quisque,
1388 2462 1580 2502 advolant.
1602 2461 1687 2502 Nec

430 2515 588 2557 dubium
599 2547 612 2565 ‚
627 2517 725 2570 quin
741 2516 855 2570 brevi
864 2517 910 2558 de
923 2517 1036 2558 rebus
1051 2517 1196 2558 arcanis
1209 2514 1419 2570 futurisque
1432 2526 1510 2556 tam
1531 2516 1692 2572 doetunt,
