1730 3326
399 183 491 245 5ss
596 181 1457 231 ANNOTATIONES

389 269 695 310 Hemsterhufius
706 270 822 310 Praef.
837 270 882 308 ad
897 270 1100 309 Pollucem.
1118 283 1153 322 p.
1169 282 1231 321 29,
1245 272 1404 312 eundem
1420 273 1543 313 virum
1557 273 1644 314 Phi-⁴

387 322 545 362 lostrato
561 324 601 363 δι
613 324 782 364 Luciano
795 323 960 362 describi.
974 323 1095 374 Quod
1111 325 1229 363 miror
1244 338 1265 364 a
1276 325 1417 364 doetiff.
1433 327 1642 369 Philostrati

388 375 618 428 interprete,
634 378 721 416 dum
736 390 779 416 ea
797 389 945 416 enarrat
956 406 966 423 ‚
981 389 1060 415 non
1076 377 1234 416 ulterius
1249 391 1438 430 arreptum
1450 411 1462 426 ‚
1479 393 1643 420 conten·

388 440 548 482 tumque
566 429 639 469 effe
660 430 805 476 dixisse,
820 433 954 468 eundem
974 430 1032 480 ‘ff’
1042 444 1152 480 patere
1168 443 1269 483 putat
1282 448 1324 471 ex
1337 434 1511 472 collatione
1519 449 1535 481 ,·
1558 446 1641 474 non

388 481 507 535 ipsum
521 496 598 522 rem
613 496 680 536 per
693 482 729 523 se
741 483 922 535 liquidam
935 482 1137 533 inspexisse.
1150 484 1309 524 SOLAN.

441 539 514 575 ead.
534 537 557 574 l.
578 549 613 587 9.
626 536 707 576 Ἐπὶ
719 536 928 588 μήκιστον)
942 536 1024 575 Diu
1037 549 1126 576 cum
1143 536 1384 577 Demonacte
1395 539 1487 578 vixit
1502 540 1642 579 Lucia*

389 601 460 628 nus
471 619 484 635 ‚
503 591 568 642 qui
581 589 647 629 sub
659 590 812 629 Nerone
829 589 902 628 iarn
919 602 1031 628 notus
1050 590 1094 628 ad
1107 590 1349 630 centesimum
1363 590 1480 632 ferme
1492 606 1637 633 annum

388 643 507 682 vitam
523 644 704 696 produxit
715 671 727 688 ‚
742 656 773 682 c.
792 657 808 695 3
825 643 864 681 δι
879 643 940 692 63.
954 642 1108 682 Somn.

441 696 518 734 ibid.
544 697 628 747 Περὶ
645 718 689 726 -
705 695 925 747 Σωστράτου
939 718 982 725 ·-
999 694 1169 735 ἐπίπονος
1192 694 1296 748 eom.)
1314 696 1376 736 De
1398 697 1638 740 Demonafle

325 741 340 752 “
386 747 595 801 scripturus
608 748 757 795 Noster,
771 750 820 788 ait
837 749 870 787 se
886 748 1062 800 singulari
1078 750 1204 788 libello
1222 749 1397 802 scripsisse
1407 752 1453 790 de
1467 751 1640 792 Sostrate

387 803 554 855 quodam
567 833 579 848 ‚
594 802 658 842 ubi
678 802 972 854 magnitudinem
987 803 1069 841 eius
1081 833 1092 848 ‚
1108 803 1237 853 ingens
1253 805 1384 850 robur,
1404 817 1639 856 omnemque

386 855 510 895 vidus
522 856 706 895 rationem
723 855 961 905 descripserit.
976 855 1059 907 Qui
1072 856 1218 894 libellus
1234 857 1345 896 bodie
1357 861 1527 908 λαμπρὴν
1538 858 1639 907 φάος

387 905 519 948 ἠελίοιο
533 921 612 948 non
626 909 797 961 adspicit,
811 908 852 948 δι
870 909 909 946 in
925 921 1138 948 ceterorum
1154 910 1238 948 aevi
1253 912 1390 949 veteris
1408 923 1641 951 monumen-

385 972 537 1008 torum,
552 975 650 1015 quae
662 963 723 1002 vel
737 963 948 1006 hominum,
963 962 1025 1002 vel
1039 963 1218 1014 temporis
1230 964 1405 1015 iniquitas
1419 964 1526 1003 nobis
1538 966 1641 1004 invi-

386 1015 463 1062 dit,
481 1029 643 1056 numero
659 1015 873 1056 censendus.
888 1015 959 1055 Sed
977 1016 1085 1054 valde
1099 1016 1188 1054 mihi
1205 1015 1368 1064 suspecta
1380 1017 1433 1056 est
1446 1017 1571 1057 hocin
1585 1018 1640 1058 lo·

386 1082 437 1109 co
459 1070 518 1108 illa
541 1070 709 1109 ἐπίπονος
729 1066 823 1108 εὐνή·
846 1070 885 1107 in
904 1081 978 1121 qua
1001 1069 1162 1108 dictione
1186 1070 1274 1108 nihil
1295 1070 1467 1121 equidem
1494 1072 1607 1110 video
1623 1101 1639 1118 ,

385 1124 491 1174 quod
509 1137 592 1162 eam
612 1123 878 1162 commendare
897 1121 1018 1172 poffit.
1038 1125 1099 1161 An
1112 1153 1122 1168 ,
1145 1122 1417 1175 qualiscunque
1435 1124 1495 1164 ille
1519 1124 1638 1165 {estus

385 1175 502 1214 fuerit
512 1207 524 1223 ‚
540 1177 778 1215 decumbenti
801 1176 839 1214 &
860 1175 951 1214 fesso
961 1205 972 1222 ‚
989 1176 1236 1227 horridaeque
1250 1189 1294 1215 ac
1308 1176 1458 1228 asperae
1469 1178 1570 1217 vitae
1582 1179 1639 1218 as-

383 1227 551 1268 suefa&0
564 1259 576 1275 ‚
589 1230 713 1281 potuit
727 1228 800 1268 effe
813 1228 1017 1268 molestus?
1032 1228 1154 1268 Posset
1169 1231 1323 1268 minima
1337 1232 1548 1270 mutatione
1562 1232 1636 1285 legi

383 1281 576 1330 ἓπίποκος,
602 1294 643 1321 ut
663 1281 853 1322 Sostratus
873 1282 1099 1334 intelligatur
1118 1282 1330 1323 decubuisse
1351 1284 1387 1322 in
1407 1285 1637 1333 velleribus;

382 1334 505 1385 poffet
522 1348 679 1388 quoque
703 1335 893 1375 ἐπίπεὸος·
909 1336 943 1374 id
965 1336 1064 1374 enim
1084 1336 1233 1376 videtur
1253 1335 1390 1377 Noster
1405 1338 1523 1384 velle,
1543 1351 1636 1380 eum

383 1388 490 1428 humi
505 1388 692 1436 cubuiffe3
708 1390 820 1440 idque
834 1390 968 1428 ceteris
979 1419 990 1434 ,
1004 1402 1104 1440 quae
1117 1391 1323 1442 praedicat,
1339 1392 1486 1441 optime
1495 1404 1638 1432 conve-

382 1442 448 1480 nit.
464 1442 603 1481 Nullus
617 1444 789 1495 equidem
804 1442 953 1488 dubito,
968 1444 1058 1494 quin
1072 1444 1337 1495 corrigendum
1352 1443 1408 1489 fit,
1420 1442 1440 1483 ἦ
1458 1445 1520 1483 ἐπὶ
1534 1447 1635 1485 πόας

382 1491 480 1543 εὐνὴ,
495 1497 604 1536 cubilev
614 1497 649 1535 in
661 1497 817 1550 gramine.
833 1495 946 1535 Plane
959 1497 1058 1535 enim
1077 1498 1126 1535 ita
1141 1496 1279 1536 Noster
1293 1497 1448 1537 locutus
1460 1497 1580 1538 fuerat
1595 1500 1635 1540 in

381 1548 666 1600 Necyomantia
679 1563 710 1590 c.
722 1564 760 1600 7,
774 1545 850 1590 εὐνὴ
865 1549 908 1588 Σὲ
921 1547 1105 1601 ὑπαίθριος
1121 1550 1183 1589 ἐπὶ
1198 1548 1263 1589 τῆς
1281 1550 1393 1590 πόας.
1415 1551 1461 1590 Et
1477 1551 1527 1592 sic
1547 1553 1634 1592 Ho-

383 1614 511 1641 merus
527 1603 566 1642 11.
581 1608 615 1641 Π
626 1634 639 1648 ,
653 1618 697 1655 23
709 1616 740 1655 ς,
754 1603 997 1654 χαμαιεῦνας
1010 1603 1131 1642 habet.
1147 1603 1269 1643 Latini
1280 1604 1455 1644 dixerunt
1466 1606 1633 1647 humidor-

382 1656 553 1703 mitz‘ones,·
563 1657 650 1696 vide
659 1656 705 1696 Is.
717 1656 986 1697 Casaubonum
1000 1657 1045 1696 ad
1056 1657 1226 1696 Suetonii
1239 1657 1376 1697 Iulium
1389 1672 1451 1708 72.
1465 1657 1567 1699 Inus.

436 1710 544 1748 ead.l.
558 1723 617 1750 10.
629 1711 851 1762 re‘ypoerffmz‘
858 1711 950 1761 μοι)
964 1711 1054 1749 Νοη
1073 1711 1209 1762 exigua
1230 1711 1322 1750 haec
1347 1712 1487 1751 iaetura
1507 1712 1635 1753 existi-

380 1764 517 1802 manda
527 1763 591 1803 est.
604 1764 646 1803 In
661 1777 710 1803 eo
723 1764 820 1803 enim
834 1763 932 1802 libro
944 1763 991 1803 ad
1003 1764 1188 1802 historiam
1202 1764 1299 1804 illius
1312 1767 1441 1804 aetatis
1451 1765 1635 1807 illustran-

380 1816 466 1856 dam
483 1817 600 1857 multa
613 1816 740 1863 fuiss'e,
759 1817 903 1856 nullum
920 1817 1077 1857 dubium
1093 1816 1154 1856 est.
1169 1818 1324 1857 SOLAN.

433 1873 506 1910 ead.
517 1872 540 1909 I.
560 1884 574 1909 1
587 1884 619 1910 ι.
631 1869 909 1924 Μέγεθος)νΙΠ
923 1871 1046 1922 pedes,
1059 1871 1148 1910 teste
1158 1871 1382 1911 Philostrato
1393 1871 1416 1911 l.
1430 1885 1463 1911 c.
1473 1871 1631 1915 SOLAN.‘

432 1926 506 1963 ead.
525 1925 551 1964 l.
570 1923 864 1977 12.“Ymea⁹pof)
888 1923 973 1963 Vid.
994 1924 1091 1964 Plut.
1112 1924 1185 1978 483
1211 1924 1236 1964 f.
1250 1924 1386 1965 Noster
1404 1929 1487 1965 Μεν.
1506 1939 1588 1980 cap.
1602 1941 1630 1980 7

379 1973 566 2028 ὑπαίθριος
577 1977 709 2018 scribit.
727 1978 881 2019 SOLAN.

431 2031 509 2070 ibid.
525 2032 738 2085 Ἐπίπονος)
755 2032 851 2071 Vide
863 2030 1037 2071 Ienfium.
1050 2030 1113 2072 De
1128 2032 1248 2071 diaeta
1267 2031 1398 2083 agresti
1416 2031 1629 2075 Philotium

377 2083 403 2122 1.
416 2096 448 2123 c.
464 2083 620 2125 SOLAN.
631 2086 694 2124 An
709 2086 772 2124 ἐπὶ
787 2086 906 2134 πόοιςς
920 2084 1155 2138 adscripserat
1167 2085 1280 2126 Gesn.
1295 2085 1628 2139 Rnxrzssssm'ysm

378 2138 464 2177 vult
476 2138 518 2178 cl.
531 2139 609 2179 Bel.
626 2140 670 2179 de
686 2139 778 2178 Ball.

433 2193 526 2245 Pag.
541 2206 584 2244 23
594 2207 626 2230 2.
640 2194 663 2231 l.
682 2207 712 2231 1.
727 2193 812 2243 Περὶ
826 2191 870 2232 ἓὲ
882 2191 1074 2243 Δημώνακ.
1086 2192 1102 2242 )
1116 2193 1170 2233 Ut
1181 2193 1226 2232 de
1241 2191 1477 2233 Demona&e
1490 2192 1630 2244 loqua-

377 2255 455 2290 tur,
475 2258 640 2297 aequum
659 2246 732 2285 effe
751 2247 818 2292 ait,
836 2246 1016 2298 primout
1031 2247 1060 2285 is
1080 2245 1144 2286 sua
1161 2259 1278 2298 opera
1295 2247 1546 2286 memorabilis
1560 2246 1627 2288 fiat

377 2298 477 2350 apud
492 2300 657 2351 optimos
669 2300 744 2340 &c.
758 2300 851 2338 Fere
867 2299 915 2338 sle
927 2300 1072 2346 Livius,
1089 2313 1214 2340 rerum
1228 2300 1487 2340 Romanarum
1502 2311 1627 2340 textu-

378 2364 443 2391 rus
457 2352 646 2392 historiam
659 2384 671 2401 ‚
687 2354 724 2392 in
744 2352 861 2393 Praef.
876 2353 1013 2392 Iuvabit
1024 2369 1127 2393 rerum
1136 2355 1298 2407 gestarum
1312 2355 1481 2393 memoriae
1491 2354 1626 2407 princi·

375 2406 433 2460 pis
443 2418 600 2446 terrarum
614 2408 732 2459 popufi
742 2436 752 2455 ‚
763 2422 825 2460 pro
839 2407 927 2445 virili
937 2407 971 2445 δ’
984 2423 1032 2444 me
1042 2408 1146 2458 l‘pfizm
1157 2407 1361 2459 confialuiffl.
1378 2407 1483 2446 IENS.

434 2462 506 2499 ead.
519 2461 543 2500 l.
563 2474 600 2510 4.
617 2460 688 2501 Καὶ
703 2483 748 2492 -
769 2463 857 2512 τρὶς
874 2462 1089 2513 φιλοσοφίαν
1110 2460 1284 2515 δρῶντες)
1305 2461 1517 2516 InterpreS,
1530 2461 1564 2501 δ’
1577 2464 1626 2504 ad
