1730 3326
350 215 1054 264 INAitoR‘Es.
1252 222 1342 285 '595'

69 323 203 364 pertum
215 310 258 363 est
266 306 428 350 Graecis
439 322 609 362 unquam
622 309 830 362 fignificat:
846 323 969 364 neque
976 311 1091 362 fizcem
1105 312 1241 363 reperit
1251 312 1344 352 Pro-

68 364 272 409 metheus,
285 363 366 402 sed·
359 376 496 416 ignem.
517 363 710 403 Sententia
721 365 775 403 est·
785 394 796 412 ,
809 377 928 417 quam
949 378 1021 404 nos
1035 366 1075 403 ln
1089 364 1266 405 versione
1278 379 1344 405 ex-

70 430 120 510 pr
101 416 294 464 reffimu53
306 417 346 456 &
359 430 489 457 nonne
502 419 643 457 merito
658 418 750 456 nihil
761 418 851 457 boni
863 420 898 457 ei
910 419 1065 480 obtigit,
1075 430 1345 471 praeterquam

105 483 191 523 amp
195 472 257 511 as?
279 471 354 510 Ubi
370 471 575 523 Lampadem
594 471 726 523 accipe
748 471 994 522 AoepwroeJor’
977 471 1133 525 emelim,
1155 473 1342 526 Lampadis

72 535 257 570 certamen,
275 525 382 576 quod
395 525 557 564 Athenis
573 525 809 577 qUOtannis
796 540 827 563 εν
846 525 1106 577 Προμηθειοις,
1099 539 1136 563 ιη
1155 527 1343 565 Promethei

66 577 178 630 fsto
198 554 473 617 celebrabatur.
487 578 584 617 Vide
604 577 871 618 accuratiffimi
895 579 1051 618 Meurfii
1066 579 1267 619 Graeciam
1289 579 1345 619 fe-

71 634 208 670 riatam
225 633 261 670 in
279 635 479 671 ΛΑΜΠΑΣ
491 631 532 670 &
547 636 814 671 ΠΡΟΜΗΘΕΙΑ
825 662 837 679 ,
854 634 920 684 qui
934 634 1062 672 omnia
1077 646 1126 672 eo
1138 632 1346 684 spec‘tantia

72 685 128 724 ibi
142 685 314 738 collegit,
338 697 504 738 excepto
522 686 596 724 hoc
611 685 695 739 ipso
713 687 914 725 Menandri
934 687 1037 726 loco.
1060 687 1116 725 Ex
1138 686 1193 725 his
1214 698 1344 726 autem

74 738 248 791 colligas,
268 739 383 778 lolam
398 739 779 791 Lampadodromiam
796 740 1026 780 Prometheo
1041 740 1246 779 institutam
1262 739 1348 780 fuis-

74 792 138 839 se,
155 793 261 832 nulla
273 791 467 832 sacrificia.
492 794 591 832 Mox
612 793 724 832 versu
746 795 903 846 quinto,
920 795 1021 845 apud
1037 795 1247 833 Lucianum
1268 795 1347 843 est,

72 847 260 886 Γυναῖκα
278 845 486 892 ἔπλασσεν,
501 847 603 886 unde
620 847 783 887 Grotius
795 847 947 887 refinxit
959 863 1148 908 γυναικοις
1164 846 1344 887 ἔπλασεν·

74 912 150 939 nos
169 901 312 952 opinor
325 901 461 940 melius
476 900 620 940 summ’
634 901 836 941 ἐπλασσεν·
854 902 1004 941 unicam
1023 915 1122 941 enim
1140 900 1346 947 formavit,

75 965 159 993 non
173 954 312 1007 plures.
326 953 431 993 Idem
447 954 561 994 versu
574 968 734 1008 quarto,
750 955 768 993 ὃ
779 955 907 1005 μισεῖν
922 954 963 993 s’
977 952 1041 1006 οἶμ
1047 954 1345 1007 ’interpofiufft'

77 1007 151 1068 ait,
165 1007 337 1060 adsenfits
351 1009 597 1048 connexionem
614 1010 735 1062 Atqui
751 1009 841 1048 illud
861 1008 938 1048 δὲ
929 1022 1003 1047 iam
1024 1021 1161 1047 verum
1176 1008 1321 1047 sensum
1332 1036 1347 1054 ‚

76 1062 146 1113 qui
165 1074 187 1100 a
203 1074 263 1100 me
278 1074 410 1101 erutus
423 1062 498 1109 est,
520 1063 673 1116 impedit
689 1063 729 1102 δι
744 1064 972 1116 corrumpit.
985 1062 1129 1102 Versus
1144 1072 1271 1102 autem
1292 1061 1349 1102 le-

78 1126 239 1169 quentes
251 1115 304 1155 slc
316 1116 587 1169 interpolavit:

133 1170 236 1208 Me'm'
251 1169 393 1210 ἄθλιος·
406 1172 536 1210 λοιπον
547 1172 628 1224 γᾶς
641 1169 682 1209 αἱ
699 1169 883 1220 ’πιθυμίσιι

131 1225 311 1280 Γαμηλίῳ
329 1238 373 1264 τε
385 1227 530 1275 μοιχος
545 1223 720 1276 ἑντρυφων
734 1225 862 1275 λέχει.

86 1309 89 1312 «
132 1281 226 1317 Eine
238 1277 277 1316 θ’
291 1274 505 1324 ἐπιβουλαὶ,
524 1291 606 1330 <pap
603 1278 782 1335 amasim,
797 1279 859 1317 καὶ
875 1275 983 1316 νόσων

91 1361 93 1363 .
132 1331 425 1371 Χαλεπώτακτος
434 1331 577 1383 φθόνος,
590 1332 670 1383 μεθ’
681 1347 720 1370 ου
703 1325 776 1383 (n
790 1332 926 1372 πάντα
941 1346 1003 1372 τον

137 1386 212 1423 Βίαν
266 1383 338 1427 urii.
356 1408 401 1415 —

81 1438 187 1477 Μαιλ’
177 1399 270 1477 'ag
247 1450 324 1478 Λισς
340 1440 427 1479 dicit
446 1438 482 1479 se
497 1439 654 1486 dedisse,
670 1453 742 1492 pro
758 1439 914 1492 λάθριος
933 1441 1025 1492 quod
1039 1438 1134 1477 nullo
1148 1437 1252 1490 sensit
1266 1439 1353 1488 lege-

80 1493 193 1531 batur.
206 1492 278 1532 Sed
291 1507 316 1532 v
320 1505 441 1533 eteres
453 1495 533 1533 edd.
546 1495 687 1533 habent
705 1494 854 1546 λάθριοι.
872 1494 986 1533 Unde
1000 1505 1072 1532 nos
1090 1505 1163 1544 pro
1178 1493 1265 1537 καὶ,
1279 1492 1354 1529 A&-

81 1559 166 1598 χης
183 1546 382 1599 personam
395 1546 676 1596 substituentes,
690 1560 818 1587 cetera
834 1548 966 1586 omnia
980 1559 1097 1599 quam
1113 1547 1292 1618 proxime
1306 1546 1355 1584 ad

82 1601 279 1652 vulgatam
295 1600 516 1653 scripturam
533 1601 847 1641 reformavimus.
866 1601 933 1640 Illa
955 1612 1131 1640 tantum-
1120 1600 1187 1639 εἰτ’
1206 1599 1355 1643 ἐπιβου-

83 1654 171 1702 λαὶ,
186 1655 354 1715 prorsus.
359 1657 564 1703 eiecimus-,3
578 1656 670 1708 quia
683 1656 724 1694 δι
740 1667 864 1695 metro
879 1654 1122 1699 obsisterent,
1137 1654 1179 1693 δι
1200 1653 1357 1704 impedi-

83 1719 191 1756 rent,
206 1722 288 1761 quo
300 1709 433 1748 minus
452 1710 581 1749 oratio
606 1722 673 1761 per
692 1708 880 1749 senarium
903 1708 1153 1748 clauderetur.
1180 1707 1307 1745 Nam
1301 1719 1359 1745 in-

84 1763 276 1803 concinne
292 1762 445 1814 prorsus
465 1763 651 1803 Grotium
667 1763 858 1815 postrema
877 1764 940 1802 illa
963 1775 1052 1802 cum
1073 1762 1193 1801 cauda
1212 1771 1359 1814 protra-

85 1815 201 1861 xiss'e,
218 1829 278 1856 res
291 1816 369 1869 ipsa
381 1817 530 1856 clamat.
547 1817 617 1856 Sed
633 1817 725 1855 nihil
743 1819 864 1880 magis
884 1817 1020 1863 doleo,
1039 1828 1153 1868 quam
1174 1816 1211 1853 in
1233 1813 1359 1854 soloe·

85 1869 245 1910 cismum
259 1870 429 1910 incidiffe
444 1886 505 1909 τον
519 1874 622 1910 πάνυ
634 1900 646 1919 ,
660 1872 726 1924 qui
746 1870 854 1911 νόσων
868 1882 1021 1922 χαλεστ
1014 1871 1158 1908 ἑτατος
1171 1868 1294 1918 φθόνος
1309 1881 1362 1907 ex

86 1924 310 1965 coniectura
324 1925 455 1964 edidit:
475 1925 550 1964 hoc
562 1925 665 1963 enim
682 1926 840 1977 proinde
855 1925 929 1970 est,
944 1938 987 1964 ac
1005 1923 1033 1963 fi
1047 1924 1179 1962 Latine
1194 1924 1337 1962 diceres
1350 1953 1363 1971 ,

86 1977 230 2031 rawſj‘
215 1995 283 2018 ma
306 1980 491 2018 morborum
512 1979 653 2017 invidia.
667 1977 683 2030 ]
711 2002 755 2008 —
771 1980 872 2018 Hinc
886 1976 1048 2029 ἓαὸουχ
1053 1993 1091 2017 ος
1109 1977 1361 2016 Prometheus

89 2033 191 2085 apud
207 2032 381 2071 Philostr.
401 2033 492 2071 602.
505 2032 662 2072 SOLAN.
676 2033 696 2051 ⁴‘
715 2032 896 2085 clavibus)
908 2020 971 2072 S'ic
983 2031 1172 2083 scripserat
1183 2030 1363 2076 Solanus

89 2099 165 2139 pro
177 2086 303 2132 clavis,
315 2085 527 2125 nesciebam
539 2100 631 2125 num
645 2085 710 2126 sua
723 2099 773 2125 an
786 2086 992 2138 Anonymi
1003 2085 1124 2138 culpa.
1138 2084 1277 2136 Quare
1287 2085 1365 2123 edi-

90 2140 238 2180 tionem
252 2139 356 2180 istius
371 2140 599 2191 Anonymi,
614 2139 695 2180 sive
710 2141 934 2180 Phileleuth.
946 2138 1144 2200 Lipsiensis
1161 2138 1338 2178 conlului
1350 2167 1368 2184 ,

91 2195 338 2255 eundemque
351 2207 523 2234 errorem
541 2194 614 2233 ibi'
606 2207 673 2233 mv
677 2195 758 2242 eni,
773 2195 811 2234 δι
827 2194 916 2248 quid
936 2194 1057 2246 magis
1075 2195 1243 2240 mirarer,
1257 2192 1366 2231 dubi-

93 2249 201 2297 tavi,
214 2261 377 2295 eumne,
397 2249 463 2301 qui
485 2248 536 2288 fic
556 2250 738 2295 verterit,
756 2262 804 2287 an
820 2246 1030 2293 Solarium,
1045 2248 1111 2299 qui
1127 2247 1162 2285 id
1181 2259 1262 2285 non
1278 2259 1367 2285 mo-

94 2303 235 2341 nuerit.
252 2303 291 2342 Si
304 2314 431 2341 autem
446 2303 558 2341 tantis
571 2302 665 2342 viris
685 2279 738 2341 sic³
757 2302 870 2342 lemel
888 2314 1046 2355 peccare
1061 2300 1365 2346 licet,mih11am

95 2356 240 2396 decies'
233 2368 286 2395 tta
298 2356 474 2396 aberrare
487 2369 554 2409 per
566 2354 844 2396 festinationem
858 2356 994 2396 licebit.
1009 2355 1151 2394 Rmz.

107 2433 109 2435 -
153 2410 233 2449 ibid.
246 2407 322 2450 Εἶτ’
335 2426 372 2449 ου
361 2406 572 2463 ’ὃικαίωὴ
588 2410 632 2448 In
653 2420 712 2450 tot
727 2410 883 2449 diversis
902 2409 1129 2450 coniecturis
1145 2420 1189 2446 ac
1204 2406 1370 2460 disputa-

98 2463 268 2503 tionibus
282 2477 454 2503 virorum
465 2463 669 2503 do&0rum
682 2466 726 2504 ad
738 2465 774 2503 h.
786 2465 809 2502 l.
823 2463 957 2517 (quem
969 2463 1036 2502 sub
1054 2476 1088 2501 n.
1100 2477 1167 2513 195
1183 2460 1372 2513 fragmen-

103 2526 234 2558 torum
251 2519 452 2559 Menandri
475 2518 571 2558 dedit
596 2518 680 2573 post
704 2519 754 2560 H.
775 2518 962 2560 Grotium
983 2517 1041 2611 Io)
1063 2516 1263 2569 Clericus)
1279 2514 1373 2554 nihil

1053 2586 1077 2624 p
1107 2583 1128 2608 2
