1730 3326
201 211 299 256 IN
365 208 1121 257 ALEXANDRUM.
1206 221 1297 276 '425

43 295 170 337 culum
187 309 278 337 cum
295 310 415 337 uxore
433 296 586 349 petiisse.
601 297 684 350 Ego
694 309 964 350 procuratorem,
981 298 1036 337 uti
1051 298 1162 337 etiam
1178 299 1299 346 verti,

0 382 10 392 .
44 349 226 402 intelligo.
243 351 398 390 SOLAN.

98 404 185 456 Pag.
201 417 284 443 100.
298 405 320 442 l.
339 405 433 444 1.'Ev
446 402 669 456 ὀφθαλμοῖς)
683 401 796 442 Conf.
814 401 923 455 supra
941 402 1085 442 Phalar.
1098 403 1115 442 I
1128 432 1138 449 ,
1156 417 1187 443 c.
1209 418 1241 456 5.
1255 405 1302 444 Et

41 455 71 494 1.
93 456 226 496 Elsner.
251 459 296 496 az!
318 457 464 509 Evang.
479 457 616 495 Matth.
637 456 753 501 XXI,
774 469 823 504 42
836 487 847 504 ‚
863 456 963 496 reete
983 457 1180 495 docentem
1193 487 1205 502 ,
1222 471 1301 497 non

43 508 117 548 effe
137 509 213 550 hoc
227 511 443 562 poeticum,
459 522 500 548 ut
520 511 674 561 putabat
688 509 916 549 Gatakerus.
937 509 1046 548 Adde
1065 510 1102 548 δι
1118 511 1301 550 Nostrum

43 563 297 613 Tyrannicid.
315 577 346 603 c.
363 578 422 614 17,
436 564 470 601 ἐν
490 562 688 611 ὀφθαλμοῖς
707 563 852 613 ‹Pagas-
871 562 930 602 Sic
951 563 1000 602 εἰς
1015 563 1055 602 &
1069 564 1155 600 ›tot-‘t'
1168 563 1304 608 ὀφθαλ-

39 616 143 668 μούς·
159 617 235 655 vid.
256 617 380 656 fratris
398 616 448 657 G.
470 615 521 656 O.
537 617 673 655 Reitzii
688 616 792 669 Belg.
807 615 983 656 Graeciff.
1000 630 1034 668 p.
1053 629 1137 669 505.
1153 616 1301 656 Rmz.

94 672 164 708 ead.
179 670 204 708 l.
220 666 440 722 2.Ὀλεθριόυ
454 669 609 721 ἐκείνου)
632 669 877 708 Scribendum
895 670 1043 709 videtur
1065 669 1130 708 τοῦ
1153 670 1303 721 ὸλεθρωυ

40 720 177 762 ἐκείνης
189 723 327 773 ἀνὲρὸς.
341 724 387 763 Et
400 725 451 763 ita
465 724 650 776 interp-res
663 723 788 775 legilse
803 724 963 762 videtur.
982 722 1150 763 GUYET.

92 777 170 816 ibid.
182 776 332 816 Ἐκείνου
345 776 494 829 ἀνδρὸς)
510 777 613 816 Leve
633 776 708 822 est,
731 777 835 829 quod
856 777 902 815 de
923 778 1100 823 Rutillia,
1124 790 1240 830 quam
1262 778 1301 815 in

40 830 164 870 oculis
176 831 303 870 mariti
322 831 404 870 eius
421 830 676 877 osculabatur,
694 831 832 882 legitur
851 831 1028 870 mendose
1042 832 1104 870 καὶ
1124 832 1156 870 ἐν
1170 830 1303 877 ὀφθαλ-

38 882 122 933 μοῖς
134 882 200 923 τοῦ
219 884 368 936 ὀλεθρίου
384 884 512 924 ἐκεῖνόν
525 883 652 934 ἀνὸρὸς
666 882 872 934 φιλήματά
885 898 924 922 τε
939 885 1124 937 ἐγίγνετο·
1143 897 1229 923 cum
1245 898 1305 924 re-

41 936 137 976 &ius
152 937 222 977 Ms.
235 938 368 977 ἐκείνης
379 938 526 989 ἀνθρὶς,
539 936 1205 990 sc.‘Pov·nMxia5.GRAEV.’Ent=1'vn.<)
1220 939 1302 977 Au-

39 990 253 1031 &critatem
274 991 346 1031 Ms.
366 991 416 1032 G.
439 991 586 1031 secutus
607 989 707 1030 sum:
729 992 813 1030 libri
833 993 955 1038 enim,
976 1004 1076 1044 quos
1100 992 1303 1039 consului,

41 1044 176 1084 ἐκείνου
190 1057 324 1085 omnes
334 1045 488 1085 habent.
502 1045 660 1083 SoLAN.

93 1100 166 1138 ead.
180 1099 203 1137 l.
217 1114 254 1147 4.
266 1098 430 1152 Κόλττου)
445 1098 542 1138 Cod.
557 1098 595 1137 P.
611 1096 709 1136 male
720 1096 860 1136 habere
876 1096 1049 1146 κολποὺς,
1062 1109 1215 1137 notarat
1229 1098 1303 1138 So-

38 1150 114 1190 lan.
128 1152 233 1192 Bene
245 1153 399 1205 quidem
414 1164 498 1191 eam
513 1151 715 1190 lechonem
735 1151 989 1202 reprehendit,
1003 1151 1030 1190 s1
1047 1163 1225 1191 accentus
1244 1153 1300 1192 ita

37 1204 194 1257 positus.
216 1205 263 1244 Et
284 1206 424 1245 κόλπου
442 1205 628 1257 singulare
648 1204 689 1243 ἃ
703 1205 858 1256 genitiV.
878 1218 1010 1244 veram
1032 1205 1114 1245 leet.
1131 1205 1203 1246 esse
1217 1219 1299 1246 non

40 1258 194 1306 dubito,
208 1260 298 1310 quia
311 1258 360 1298 sic
375 1260 417 1298 &
429 1259 520 1297 alibi
535 1258 635 1311 apud
650 1257 854 1306 Nostrum3
871 1259 948 1297 vid.
968 1258 1098 1299 saltem
1115 1272 1147 1298 c.
1169 1259 1215 1298 26
1231 1261 1303 1299 hu.

37 1312 95 1351 ius
107 1311 208 1352 Dial.
222 1313 375 1353 Interim
388 1314 427 1353 δι
443 1312 578 1365 plurali
588 1325 749 1352 numero
761 1312 894 1351 κόλποι
906 1313 1040 1352 dicitur
1051 1314 1096 1352 de
1107 1314 1219 1352 unius
1232 1314 1302 1353 ho·

37 1366 147 1405 minis
159 1365 263 1413 finu,
276 1378 320 1406 ut
334 1367 455 1418 Long.
468 1365 559 1406 Past.
574 1366 605 1413 1,
619 1379 702 1419 pag.
720 1379 769 1415 27
785 1366 843 1405 ed.
855 1365 964 1419 Iung.
982 1367 1052 1405 Καὶ
1071 1366 1086 1405 ὁ
1106 1367 1240 1420 τέττιξ
1256 1368 1300 1407 ἐκ,

37 1418 110 1458 ’ταῖν
122 1419 268 1460 κόλπων
279 1419 344 1461 τῆς
356 1420 497 1473 χλόνης
509 1417 712 1473 ἐπήχησεν.
728 1419 872 1459 Iterum
885 1421 969 1459 ibid.
986 1433 1070 1472 pag.
1086 1435 1154 1472 34,
1169 1421 1298 1471 Ἐμπί-

36 1487 128 1513 στει
139 1487 184 1512 τε
200 1474 317 1515 αὐτῆς
335 1475 413 1513 τοῖς
433 1474 596 1513 κόλποις.
618 1473 763 1512 Rursus
782 1473 881 1525 apud
893 1474 1054 1513 eundem
1069 1474 1109 1512 L.
1123 1474 1194 1518 IV,
1210 1488 1297 1527 pag.

39 1539 129 1580 137,
154 1525 235 1566 five
256 1528 384 1580 potius
409 1541 478 1580 145
504 1528 562 1567 ed.
587 1527 697 1566 Moll.
722 1527 833 1579 (nam
853 1540 919 1579 per
940 1540 1108 1567 errorem
1134 1538 1294 1580 typogr.

35 1581 263 1634 paginarum
287 1593 471 1621 numerus
492 1580 628 1620 vitiose
649 1580 702 1619 est
724 1580 943 1633 expressus)
962 1581 1026 1620 τὴν
1038 1582 1156 1620 Χλόην
1171 1583 1204 1620 ἑν
1218 1582 1299 1621 τοῖς

33 1633 186 1674 κόλποις
197 1630 294 1687 εἶχε.
311 1636 472 1674 Homer.
487 1634 585 1673 Iliad.
599 1639 635 1680 Ι,
651 1634 729 1672 five
741 1634 795 1672 IX
807 1664 820 1679 ,
838 1635 925 1683 566,
940 1635 1091 1686 Πρόχνυ
1104 1634 1300 1685 καθεζομέ-

33 1701 84 1734 vn,
105 1686 254 1727 :stimmo
275 1688 320 1728 δὲ
341 1689 498 1741 ἓέικρυσι
521 1689 666 1728 κόλποι.
691 1687 801 1727 Adde
816 1687 857 1727 δι
879 1688 1089 1728 Aelian.V.
1110 1690 1159 1728 H.
1182 1689 1298 1739 XIII,

37 1756 57 1795 3
67 1755 98 1780 1.
113 1740 259 1782 Ritu-z,

87 1797 160 1834 ead.
172 1796 196 1834 l.
210 1809 247 1845 7.
262 1790 427 1845 Εὗμολπ.
442 1791 592 1848 -Κήρ.)
605 1794 758 1835 Cereris
770 1794 949 1847 mysteria
963 1794 1110 1849 respicit
1122 1796 1299 1844 Athenis,

33 1848 71 1887 in
84 1849 223 1901 quibus
236 1861 340 1902 pont.
359 1862 460 1888 max.
481 1849 746 1901 Hierophanta
762 1849 961 1896 audiebat,
975 1850 1071 1889 duae
1091 1851 1205 1890 etiam
1223 1851 1297 1890 hae

33 1901 158 1942 sacrae
173 1915 314 1955 gentes.
329 1904 380 1942 V.
393 1903 576 1954 Thucyd.
588 1903 705 1948 VIII,
725 1917 785 1956 53,
800 1904 838 1943 δι
854 1915 933 1942 not.
949 1904 990 1942 ἃ
1007 1903 1123 1942 Corn.
1143 1905 1238 1957 Nep.
1255 1906 1296 1943 in
1365 1919 1368 1924 ·

35 1955 244 1996 Alcibiade.
270 1958 431 2010 [idemque
449 1956 500 1995 illi
521 1958 747 2010 Eumolpidae
766 1973 808 1996 ac
833 1959 972 2009 Ceryces
993 1957 1108 2009 rursus
1130 1959 1294 2009 refizcmre

27 2008 114 2062 sunt
125 2011 245 2055 maai,
258 2012 399 2061 quicum
411 2013 620 2049 devoverant.
637 2012 689 2050 V.
701 2009 860 2050 Casaub.
875 2011 921 2049 ad
940 2011 1083 2050 Athen.
1103 2012 1214 2059 XIV,
1228 2027 1293 2064 23,

33 2063 206 2104 &Clem
221 2064 406 2104 Alexand.
427 2065 460 2103 II
472 2094 484 2112 ,
502 2077 532 2108 ι,
553 2065 618 2116 qui
633 2065 745 2105 docet
758 2078 894 2105 eorum
908 2065 1110 2118 originem.
1127 2066 1235 2105 Adde
1252 2065 1294 2105 δε

33 2116 152 2170 Diog.
165 2118 289 2158 Laert.
305 2132 339 2170 p.
357 2133 371 2157 1
390 2118 442 2157 D.
458 2119 498 2158 E.
510 2117 667 2158 SOLAN.

85 2173 160 2211 ead.
176 2173 198 2210 l.
215 2171 251 2211 8.
267 2172 521 2223 Καρβατίνοις)
539 2173 580 2212 Id
601 2173 674 2219 est,
690 2173 771 2211 viles
788 2172 950 2224 crepidas.
966 2171 1106 2211 Catull.
1121 2171 1293 2212 GUYET.

0 2223 1 2233 ¹
32 2223 135 2264 Idem
149 2236 276 2273 notat,
292 2228 401 2279 quod
416 2227 582 2279 Virgilio
602 2227 743 2266 crudus
757 2239 871 2279 pero,
886 2227 983 2266 Aen.
998 2226 1074 2265 VII
1087 2258 1099 2274 ‚
1113 2227 1201 2279 690.
1215 2227 1297 2266 So—

0 2294 1 2299 *
34 2289 131 2318 LAN.
147 2278 396 2326 Carbatinae,
419 2279 500 2320 five
521 2280 749 2334 Carpatinae
770 2279 893 2319 soleae
917 2293 940 2318 a
961 2280 1083 2319 crudo
1109 2282 1238 2326 corio,
1266 2293 1295 2319 a

0 2345 2 2376 μ
31 2332 194 2372 Caribus
212 2333 274 2374 seu
295 2333 513 2387 Carpathiis
531 2334 671 2383 dictae-3
695 2334 771 2374 vid.
784 2333 891 2374 Voff.
916 2335 963 2373 ad
983 2334 1123 2373 Catull.
1140 2346 1223 2388 pag.
1239 2347 1291 2374 m.

61 2400 81 2425 2
111 2417 120 2425 .
135 2387 279 2427 Rmz.
837 2414 839 2418 .

34 2400 53 2439 3
84 2400 159 2479 Zad.
174 2442 195 2479 l.
211 2456 246 2493 9.
267 2440 678 2495 znoposazmnvwide
694 2440 888 2493 Aristoph.
904 2442 1004 2483 Ἱππ.
1017 2454 1101 2496 pag.
1117 2440 1188 2494 298
1200 2472 1212 2492 ‚
1224 2440 1293 2494 qui

31 2493 176 2550 primus
189 2495 315 2536 hocin
328 2495 630 2550 Paphlagonibus
642 2495 729 2537 risit.
748 2496 906 2537 SOLAN.
