1730 3326
182 202 287 250 IN
351 198 1300 265 ALEXANDRUM.39911

160 292 205 385 2:
236 303 299 396 ξε.
756 287 802 340 ⁴³
830 285 905 387 ⁹3}
941 323 995 361 2⁴

165 431 202 467 E.
236 439 268 480 ς.
846 426 894 464 16

163 486 208 520 Ξ.
233 482 298 520 60.
377 517 380 520 .
843 477 892 517 16

217 586 298 596 ....
826 576 894 603 00.

85 619 242 660 Summa
255 619 305 671 96
315 649 329 665 ,
342 630 411 671 per
423 632 449 667 4
464 615 666 658 divifibilis.

31 673 239 714 Alexandri
262 684 389 711 autem
416 682 593 722 etymon.
608 670 698 710 Vid.
723 669 839 710 etiam
861 669 961 723 apud
974 668 1158 722 Apollod.
1174 667 1228 709 111
1238 701 1250 717 ,
1264 678 1306 723 p:

32 742 82 780 93
107 727 156 766 A.
170 727 327 767 SOLAN.
342 726 491 765 Literae
517 737 769 765 numerorum
785 723 971 778 poreflate
992 724 1029 762 in
1043 724 1131 763 Ald.
1145 738 1169 764 1r
1180 727 1236 764 W.
1251 725 1306 766 ita

33 781 125 820 huic
140 781 178 820 δι
194 780 363 832 sequenti
374 779 500 818 versui
513 778 784 832 superscriptae
797 789 918 823 erant,
932 788 975 817 ut
990 789 1132 818 nomen
1146 779 1305 818 Alexan.

30 835 84 874 dri
98 835 183 874 inde
199 835 365 885 prodiret
378 864 389 882 ,
411 833 516 886 quod
534 833 625 887 quia
643 831 805 872 Solanus
821 832 893 872 iam
914 831 1119 882 indicavit,
1140 845 1221 873 non
1240 845 1304 874 re·

29 899 169 942 petam.
186 889 332 927 Rmz.

86 943 159 980 ead.
174 943 198 980 l.
213 956 249 993 7.
264 944 341 981 Διὲι
361 938 537 991 πολλοῦ)
558 938 692 992 Vulgo
706 939 884 986 vertitur,
898 940 1004 979 multo
1015 940 1100 993 post.
1117 939 1278 980 Refflus
1288 949 1306 986 ,*

26 995 104 1049 post
125 996 258 1048 longam
280 994 476 1046 absentiam.
502 993 672 1034 GUYET.
698 993 820 1033 Reae
842 993 1049 1044 Guyetus‚
1075 994 1255 1046 quamvis
1278 1007 1303 1034 e

31 1048 188 1101 vulgata
201 1048 378 1088 versione
391 1060 517 1087 tamen
530 1048 691 1087 eundem
713 1045 857 1086 sensum
875 1047 1013 1087 elicere
1033 1060 1161 1100 queas.
1176 1046 1239 1087 Sic
1258 1047 1302 1088 δε

31 1102 228 1156 Aristoph.
248 1103 344 1142 Plut.
361 1103 459 1150 1046
470 1101 604 1147 ,Ἔοικε
625 1101 693 1152 ᾂιὰ
709 1099 856 1140 πολλοῦ
875 1100 1011 1153 χρόνον
1036 1101 1073 1140 o’
1091 1100 1305 1152 ἑωρακέναι.

33 1155 160 1208 Quod
172 1155 273 1196 recle
287 1157 339 1195 ibi
352 1156 527 1202 vertitur,
541 1156 674 1208 opinor,
684 1157 776 1208 quod
789 1167 819 1193 te
831 1155 898 1194 iam
909 1157 968 1194 diu
980 1170 1047 1194 non
1057 1155 1187 1194 viderit.
1199 1155 1302 1195 Nam

33 1209 102 1249 ets1
115 1211 268 1263 negatio
282 1209 386 1249 nulla
398 1210 436 1248 in
447 1208 619 1255 Graecis,
633 1221 760 1248 tamen
772 1209 839 1262 qui
848 1212 922 1262 post
931 1210 1068 1261 longum
1080 1221 1222 1261 tempus,
1235 1211 1304 1251 vel

31 1264 167 1317 longam
189 1267 318 1304 demum
341 1263 528 1315 absentiam
547 1263 656 1310 videt,
675 1263 704 1302 is
724 1263 788 1302 diu
809 1276 890 1302 non
912 1264 1018 1303 vidit.
1034 1263 1165 1303 Fidem
1188 1263 1304 1304 faciet

33 1317 155 1370 Long.
170 1317 263 1357 Past.
274 1318 348 1365 IV,
359 1331 395 1370 p.
412 1318 485 1356 106
494 1316 551 1357 ed.
560 1317 673 1357 Moll.
687 1317 961 1369 Παρεκελεὺετο
972 1317 1016 1356 δὲ
1028 1318 1094 1356 καὶ
1105 1317 1159 1367 τῷ
1170 1317 1307 1366 Δάφνι-

33 1370 74 1411 si
90 1371 105 1410 ὁ
120 1372 255 1422 Δάμων
266 1373 424 1411 πιαίνειν
435 1372 511 1410 ’τὰς
526 1366 650 1424 αἶγας
668 1368 715 1410 ὧς
728 1370 890 1411 Συνατὶν
902 1371 1084 1422 μάλιστά
1097 1386 1172 1411 που
1183 1403 1192 1417 ,
1205 1372 1304 1412 πάν-

31 1439 105 1465 τως
118 1426 294 1476 κᾴκείνας
303 1426 426 1477 λέγων
438 1424 608 1475 ’ὄψεσθαι
626 1427 689 1465 τὸν
703 1423 898 1465 <seemivir
913 1425 1132 1475 ἀφικόμενον
1144 1424 1215 1464 ἓιὲι
1225 1436 1306 1474 (aad

0 1487 2 1532 l
33 1477 134 1532 κροῦ,
143 1481 254 1518 herum
263 1481 342 1518 illas
350 1479 484 1518 omnino
489 1481 563 1532 post
572 1480 706 1530 longum
715 1478 930 1518 intervallum
939 1479 1001 1532 ff
1008 1478 1304 1530 vifitras.RE1Tz‚'

88 1536 162 1572 ead.
183 1534 205 1572 l.
223 1533 260 1573 8.
277 1533 346 1571 Καὶ
369 1531 484 1584 ἀφροῦ
505 1528 879 1583 ὑποπιμπλάμενος)
894 1533 957 1572 De
971 1533 1028 1572 his
1042 1532 1303 1587 impostorum

34 1586 78 1627 δι
91 1597 314 1640 agyrtarum
329 1586 475 1625 artibus
489 1587 585 1625 alius
596 1587 709 1626 locus
721 1587 879 1626 dicendi.
891 1587 1066 1626 BOURD.

86 1644 158 1680 ead.
169 1641 192 1680 l.
211 1638 579 1694 13.Ἀνθρωπόμορφόν
590 1639 657 1693 τι)
679 1640 862 1692 Figuram
886 1641 1034 1682 videbis
1056 1641 1094 1680 in
1115 1654 1280 1682 nummo
1288 1653 1305 1691 ς

34 1707 148 1749 quem
166 1695 210 1733 ad
222 1708 305 1747 cap.
325 1694 369 1747 58
383 1694 656 1734 exhibebimus.
670 1694 830 1734 SOLAN.

87 1749 163 1787 ibid.
178 1747 458 1801 Koe‘to‘vypoeoof)
480 1749 504 1787 i.
527 1761 559 1788 e.
574 1750 686 1801 piela,
707 1748 874 1788 ποικίλη.
894 1747 1154 1801 Κατέιγραφος
1173 1750 1270 1789 idem
1283 1760 1300 1797 3

35 1802 142 1856 quod
159 1802 453 1855 κατάγραπτος.
472 1801 613 1842 Catull.
639 1803 937 1856 catagraphosque
959 1805 1113 1856 Thynos.
1129 1803 1301 1845 GUYET.

33 1855 161 1897 Locus
175 1855 316 1895 Catulli
328 1855 381 1896 est
394 1856 434 1895 in
450 1856 577 1909 Epigr.
595 1871 643 1896 22
666 1857 712 1896 ad
727 1857 908 1897 Thallum
920 1888 933 1906 ‚
946 1858 992 1897 ad
1006 1871 1122 1911 quem
1143 1860 1218 1898 vid.
1236 1860 1305 1898 ob·

34 1909 187 1951 servatt.
197 1910 320 1950 Voffii
332 1925 367 1963 p.
383 1911 445 1963 63.
457 1910 606 1950 Rmz.

105 1965 142 2004 in
153 1965 270 2004 Schol.
283 1965 345 2004 col.
363 1979 396 2003 1.
418 1965 442 2003 l.
456 1979 491 2013 4.
500 1965 680 2018 ”Auspoq
702 1965 760 2005 Ita
782 1964 962 2017 scriptum
980 1976 1084 2013 erat,
1103 1967 1208 2019 quod
1231 1980 1302 2020 per

36 2019 307 2072 compendium
320 2018 508 2072 significat
522 2018 780 2071 ’Am‘gmspoe-
792 2019 938 2072 alioqui
957 2020 1092 2071 ἀνέρὶς
1106 2022 1302 2074 corrigem-

36 2072 126 2112 dum
137 2102 151 2120 ,
166 2073 273 2126 quod
283 2084 411 2112 tamen
424 2073 470 2112 ad
483 2071 631 2113 sensum
646 2074 830 2122 deteriusg,
849 2073 917 2114 etsi
931 2074 1033 2113 enim
1055 2074 1191 2127 ἄνδρας
1205 2089 1302 2115 mox

36 2124 208 2180 sequitur
221 2127 322 2180 apud
336 2127 550 2167 Lucianum
562 2158 572 2174 ,
587 2139 714 2167 tamen
729 2128 862 2168 literae
878 2128 962 2167 illae
975 2134 1002 2166 A
1016 2129 1057 2168 δι
1067 2134 1100 2167 Ξ
1114 2142 1194 2169 non
1212 2129 1233 2168 s
1230 2142 1301 2170 unt

37 2179 77 2220 in
94 2180 233 2231 ἄνὸρὸς,
249 2181 413 2234 ideoque
433 2182 536 2234 prius
558 2195 694 2222 verum
709 2182 783 2221 effe
796 2181 985 2221 existimo.
1001 2182 1101 2221 Nam
1125 2182 1152 2222 fi
1172 2184 1302 2234 ἀνδρὸς

37 2233 98 2275 hic
109 2233 296 2287 fignificat
308 2235 494 2275 residuam
508 2237 671 2276 nominis
683 2247 828 2288 partem
841 2267 851 2284 ‚
869 2236 998 2275 ablato
1012 2239 1141 2276 ΑΛΕΞ,
1157 2238 1301 2291 aliquid

37 2289 175 2328 excidit
187 2300 364 2341 oportet,
377 2290 469 2343 quia
482 2289 609 2330 sensus
622 2290 747 2330 nullus
760 2302 926 2343 apparet.
943 2290 1088 2329 Rnrrz.

92 2343 182 2396 Pag.
201 2343 264 2392 76.
288 2344 312 2382 l.
332 2358 367 2383 2.
388 2344 590 2398 Μέλαινα)
611 2344 694 2384 Cur
715 2344 847 2397 nigra?
872 2358 958 2384 nam
981 2346 1087 2397 quod
1107 2346 1302 2399 duplicem

38 2394 185 2444 scribit,
202 2398 401 2437 mirabitur
413 2411 530 2438 nemo
541 2429 552 2445 ‚
567 2399 633 2451 qui
645 2398 796 2438 Suidam
814 2398 1063 2438 consuluerit.
1077 2398 1139 2440 De
1153 2400 1303 2444 Aescu-

0 2470 3 2495 ς
37 2448 130 2504 lapii
140 2449 263 2490 forma
275 2452 350 2491 vid.
364 2451 482 2492 Ovid.
498 2453 656 2492 Metam.
671 2454 766 2499 XV,
778 2453 867 2505 654.
880 2453 1037 2493 SotAN.

90 2507 166 2546 ead.
180 2505 204 2544 l.
221 2520 254 2560 3.
265 2503 387 2557 Αὐτὴ)
402 2506 441 2548 Ρ.
453 2519 535 2548 non
550 2507 643 2548 utin
656 2508 814 2562 reliquis
828 2503 941 2551 αὕτη.
957 2507 1115 2549 SOI-AN.
