1730 3326
246 179 347 224 IN
412 173 1169 225 DEMONA‘CTEM.
1262 198 1343 244 535

86 265 219 307 dedisse
235 266 359 320 leges,
373 267 484 306 tradit
497 267 733 307 Theodoret.
750 281 773 320 9
789 266 924 307 Curat.
939 266 1008 307 Gr.
1028 266 1148 306 affeEt.
1165 270 1263 321 apud
1278 269 1307 307 F
1309 283 1349 308 a·

87 320 247 360 bricium
267 322 304 359 in
327 321 606 372 Legislatorum
627 321 817 373 catalogo.
833 320 944 372 Quid
961 322 998 358 in
1019 332 1181 360 mentem
1202 324 1350 362 venerit

85 373 176 412 viro
190 373 400 413 doetiffimo
413 373 675 412 philostratum
690 387 774 426 pag.
792 376 863 425 556
879 375 1091 421 enarranti,
1106 387 1173 414 cur
1187 375 1291 414 hunc
1305 376 1350 414 li·

86 426 229 466 bellum
237 426 396 478 fabulam
411 438 586 473 vocaret,
609 428 847 478 nothumque
857 426 930 465 effe
945 439 1113 479 putaret,
1129 429 1253 466 mirari
1270 440 1349 467 tan-

86 489 168 518 tum
191 479 360 531 poffum,
376 480 465 519 nihil
483 481 594 519 aliud.
619 481 771 520 Nollem
786 479 938 519 filetum.
960 480 1105 519 Excidit
1128 481 1200 520 hoc
1213 483 1265 519 V.
1285 482 1345 521 Cl.

87 532 158 571 alia
174 534 309 584 a'genti.
332 532 502 572 Huiusce
521 534 624 572 vitae
641 534 811 573 meminit
831 533 1045 585 Eunapffls,
1066 545 1108 572 ut
1130 547 1151 572 a
1174 535 1349 574 Luciano

84 584 246 637 scriptae
261 600 296 638 p.
316 600 361 624 12
373 616 385 632 ‚
402 601 458 639 ¹3·
475 587 621 625 Locum
645 588 834 639 integrum
858 587 895 624 in
911 585 1131 625 testimoniis
1152 587 1195 626 de
1215 588 1349 626 Lucia-

85 651 141 678 no
163 639 398 678 exhibemus.
415 642 469 678 At
492 640 578 678 alibi
594 640 653 678 vir
668 641 758 680 clar.
777 638 984 691 suspicatur
1001 640 1272 691 Pftudonymum
1286 642 1348 692 ff

88 692 299 731 Lucianum:
329 707 401 731 cum
412 694 495 731 enim
508 693 733 744 nibilfizcrum
748 693 973 746 profanumve
990 693 1147 731 intaaum
1165 695 1349 746 reliquerit,

86 760 204 784 nomen
214 747 364 784 omnihus
378 747 548 785 leeloribus
558 748 746 800 prostituere
756 746 894 798 volmffi
908 763 975 785 non
990 759 1103 797 putat.
1119 746 1269 787 Deinde
1284 748 1349 787 ali-

85 798 125 837 bi
143 798 406 850 Samofiztenfi'm
430 799 469 839 se
485 801 595 845 dicit,
618 800 708 839 alibi
731 799 936 851 Patrenftm.
959 799 1047 852 (fin.
1073 799 1189 852 praef.
1210 802 1256 840 ad
1276 803 1346 842 vit.

83 851 222 905 Soph.)
236 851 395 892 Serione
406 852 496 893 haec
509 852 730 893 refutanda?
745 854 884 893 Annos
897 866 1018 905 prope
1032 866 1184 893 centum
1198 855 1298 893 vixit
1311 867 1344 894 c.

83 906 148 957 63.
164 905 255 944 Non
267 906 367 945 ultra
383 906 504 946 Marci
518 919 692 960 tempora
707 907 857 946 videtur
873 905 1102 957 perveniffe:
1122 918 1222 946 certe
1238 908 1345 960 quod

83 957 121 997 id
136 957 288 998 suadeat
298 989 311 1005 ,
327 960 416 998 nihil
431 961 467 998 in
483 961 552 1000 hac
563 962 644 999 vita
654 989 664 1007 ‚
684 961 748 999 nisi
761 961 852 1012 quid
864 960 963 999 forte
976 973 1037 998 me
1050 961 1157 999 latuit
1170 991 1180 1006 ‚
1195 961 1344 1014 conspi-

85 1012 196 1052 citur.
216 1013 336 1052 Natus
360 1025 454 1064 ergo
475 1015 576 1054 circa
596 1026 739 1053 annum
761 1013 849 1053 Chr.
874 1013 957 1053 XC.
978 1013 1077 1052 Cum
1099 1014 1134 1052 ei
1152 1014 1345 1064 Epi&etus

84 1065 160 1104 iam
175 1064 298 1105 senior
314 1067 450 1106 audior
465 1065 600 1114 fuerit,
644 1078 658 1105 t
678 1080 837 1106 uxorem
853 1066 1007 1106 duceret
1024 1079 1059 1105 c.
1076 1080 1131 1119 55.
1147 1067 1175 1104 F
1179 1068 1247 1106 ieri
1268 1068 1344 1107 hoc

83 1119 212 1171 potuit
231 1120 328 1159 circa
353 1133 412 1158 an.
427 1120 517 1159 Chr.
540 1120 612 1160 CX
655 1121 706 1170 V,
718 1121 781 1161 vel
800 1119 976 1166 CXXX,
999 1119 1240 1160 Demonatie
1263 1121 1345 1161 fere

84 1173 400 1226 quadragenario.
421 1174 578 1212 SOLAN.

140 1229 213 1266 ead.
226 1229 249 1264 l.
268 1226 353 1266 2.‘0
366 1226 443 1265 καθ’
465 1224 565 1277 §aar
584 1227 683 1280 βίος)
698 1227 756 1267 Sic
770 1226 894 1266 oi-nao’
908 1224 1005 1277 ἡμεῖς
1019 1224 1198 1279 ἄνθρωποι
1212 1256 1222 1274 ,
1238 1229 1345 1267 homi-

86 1294 146 1317 nes
157 1280 266 1332 nostri.
283 1280 492 1320 Herodian.
512 1280 549 1327 1,
565 1295 611 1328 14
623 1310 634 1326 ,
648 1295 686 1330 7.
705 1281 750 1320 Et
763 1280 802 1328 Ι,
816 1294 847 1321 c.
861 1281 927 1320 ult.
941 1280 967 1320 f.
986 1281 1032 1320 Et
1045 1283 1147 1319 κατὰ
1166 1284 1206 1319 τὸ
1225 1279 1322 1321 αὐτὸ
1333 1311 1346 1330 ,

83 1334 192 1372 eodem
210 1345 372 1384 tempore,
390 1334 534 1373 Aelian.
550 1335 661 1381 XIV,
673 1335 695 1374 8
712 1334 924 1387 pr.R1=.1Tz.

87 1407 91 1411 ·
138 1389 211 1425 ead.
224 1387 247 1425 l.
263 1402 301 1435 4.
312 1385 655 1440 Ὑπερφυᾶᾘὶεξὶε
667 1418 679 1433 ,
698 1390 738 1428 &
757 1389 876 1439 magis
897 1388 1067 1427 Atticum
1081 1416 1094 1434 ,
1109 1401 1221 1440 quam
1236 1384 1345 1440 ὑπερ-

84 1438 241 1491 ‹pff-Sic
251 1441 425 1493 Alciphr.
440 1441 499 1487 Π,
520 1455 556 1493 p.
581 1455 667 1491 270.
682 1442 730 1481 Et
750 1441 888 1481 Noster
906 1441 1017 1495 supra
1039 1438 1168 1489 εὐφυεῖ,
1181 1442 1293 1481 Alex.
1309 1454 1345 1482 c.

90 1506 128 1546 5,
141 1505 187 1534 ac
200 1495 246 1533 de
255 1493 343 1533 Salt.
362 1495 377 1543 §
394 1509 457 1542 74.
468 1495 611 1534 Rnrrz.

137 1549 213 1586 ead.
234 1547 258 1585 l.
283 1559 315 1598 5.
336 1549 493 1588 Βοιώτιον
518 1548 768 1601 Σώστρατον)
791 1548 917 1587 Huius
937 1546 1089 1587 fortaffe
1113 1547 1284 1586 meminit
1306 1547 1346 1586 in

83 1599 188 1639 Dial.
202 1601 320 1640 Mort.
336 1603 375 1641 &
392 1603 428 1640 in
442 1603 630 1641 Alexand.
648 1599 892 1641 Pseudoman.
908 1600 1063 1641 Sostrati
1080 1600 1273 1640 cuiusdam
1290 1601 1346 1640 Si-

84 1655 221 1705 cyonii
242 1653 396 1694 Pausan.
416 1657 586 1694 meminit
608 1657 647 1694 in
668 1656 782 1695 Eiiac.
799 1655 840 1694 L.
863 1669 896 1694 2.
913 1655 1057 1694 COGN.
1074 1655 1161 1693 Vid.
1185 1655 1345 1694 omnino

84 1707 391 1748 Hemsterhusius
404 1709 442 1747 in
456 1708 690 1762 praefatione
704 1709 866 1748 Pollucis
880 1721 964 1761 pag.
981 1723 1040 1760 29.
1056 1707 1184 1748 GESN.

139 1762 218 1799 ibid.
240 1763 477 1815 Σώστρατον)
501 1762 830 1815 Magnificentiora
848 1761 951 1809 sunt,
966 1775 1063 1815 quae
1083 1762 1128 1800 de
1151 1763 1226 1801 hoc
1248 1774 1344 1800 mox

46 1829 50 1833 ’
85 1815 298 1867 praedicat,
321 1829 434 1868 quam
451 1827 494 1855 ut
509 1817 604 1855 idem
623 1830 709 1857 cum
726 1829 800 1862 eo,
817 1817 862 1855 de
882 1829 963 1868 quo
984 1817 1021 1854 in
1041 1814 1197 1867 Dialog.
1218 1815 1339 1854 Mort.

82 1869 197 1908 XXX
212 1869 252 1908 ὅ(
269 1869 478 1909 Alexandri
497 1871 579 1909 vita
591 1883 707 1921 cap.4
720 1870 906 1922 loquitur,
928 1869 1115 1921 putandus
1143 1870 1340 1916 videatur3

85 1922 162 1961 vid.
177 1934 277 1974 quae
289 1936 359 1963 nos
372 1924 416 1962 ad
431 1924 596 1976 priorem
610 1925 712 1963 illum
727 1923 855 1963 locum
870 1923 1151 1962 annotavimus.
1166 1923 1343 1961 Meminit

86 1975 200 2015 huius
214 1974 282 2015 sub
294 1977 428 2016 eodem
451 1978 627 2017 Herculis
645 1978 798 2017 nomine
818 1976 1064 2016 Philostratus
1086 1977 1122 2014 in
1138 1976 1292 2015 Herode
1307 1990 1344 2027 p.

94 2042 179 2081 552.
194 2029 448 2069 Conveniunt
462 2032 561 2070 enim
578 2031 754 2071 Herculis
768 2043 924 2076 nomen,
937 2031 1057 2082 patria
1072 2030 1246 2077 Boeotia,
1259 2029 1346 2068 Par-

86 2082 232 2128 naffus,
248 2084 349 2123 vires
363 2084 562 2123 immensae
573 2115 586 2130 ,
602 2086 742 2123 omnia.
756 2084 835 2124 Nifi
849 2085 955 2136 quod
969 2084 1013 2123 de
1027 2083 1237 2122 latronibus
1252 2082 1343 2121 nihil

85 2135 257 2176 philostr.
272 2137 334 2177 De
347 2138 525 2190 operibus
539 2139 641 2177 enim
653 2167 663 2185 ‚
679 2139 855 2191 quamvis
877 2137 1010 2177 diserte
1026 2149 1106 2176 non
1124 2137 1245 2182 dicat,
1262 2135 1347 2175 satis

85 2202 134 2229 ex
155 2203 205 2230 eo
224 2191 458 2244 intelligitur,
483 2192 591 2244 quod
607 2192 672 2231 tali
694 2193 782 2231 viro
806 2204 906 2244 opus
922 2191 1028 2231 fuiffe
1050 2191 1139 2229 dicit
1161 2190 1346 2228 Isthmum

87 2243 334 2294 perforaturo
353 2260 387 2298 p.
406 2258 491 2296 552.
507 2247 653 2284 Herodis
671 2246 868 2291 Herculem,
884 2245 976 2285 teste
999 2243 1226 2284 Philostrato
1237 2273 1250 2289 ,
1265 2256 1344 2282 vo·

85 2298 246 2345 cabant,
267 2299 354 2351 quia
369 2299 415 2337 ab
431 2300 585 2338 Herode
597 2300 636 2338 in
652 2299 808 2351 epistola
831 2298 1008 2351 longiore
1028 2298 1238 2338 celebratus
1257 2295 1347 2336 fue-

87 2361 168 2399 rat,
184 2364 233 2391 ex
246 2365 323 2404 qua
336 2353 466 2391 omnia
488 2352 552 2392 sua
571 2353 711 2392 habere
730 2352 971 2392 Philostratus
991 2352 1161 2399 videtur,
1176 2352 1234 2391 16.
1248 2351 1348 2402 Aga-

84 2406 179 2444 chion
201 2407 316 2444 etiam
343 2419 363 2444 a
385 2405 528 2445 rusticis
547 2407 772 2453 vocabatur,
786 2417 829 2445 ut
844 2420 880 2458 p.
898 2420 965 2459 553
984 2407 1188 2452 docemur3
1211 2406 1348 2457 Sostra·

83 2471 164 2508 tus,
190 2460 295 2513 quod
317 2461 450 2509 miror,
479 2473 675 2513 nunquam
694 2460 770 2500 illic
795 2460 941 2500 dicitur.
962 2459 1119 2554 Olptlime
1142 2466 1346 2498 monuerat

1079 2528 1104 2561 4
