1730 3326
255 181 1046 265 'INAMonEs
1249 239 1338 286 579

128 306 238 345 ead.l.
255 317 314 352 14.
336 305 461 357 Χρόνε)
484 304 515 344 Ι.
532 305 561 344 I.
579 304 810 345 Wetstenius
829 304 1050 359 suspicatur,
1074 321 1146 361 pro
1159 310 1271 361 χρὸνε
1284 312 1338 351 le-

75 359 183 410 gend.
197 359 313 409 Κρὸνε.
331 380 376 388 -
397 360 549 397 Redeunt
567 359 730 398 Saturnia
750 373 864 412 regna,
878 360 1015 412 virgil.
1037 361 1115 401 Ecl.
1133 363 1206 411 IV,
1229 366 1264 404 6.
1281 366 1338 404 Ut

75 413 150 452 νέος
167 414 357 451 Διόνυσος.
382 411 528 451 ΚΗΤΖ.

131 466 219 518 Pag.
232 477 320 518 290.
331 465 354 504 l.
376 478 404 503 1.
415 465 655 518 Τέχνασμα)
669 465 793 504 Aliter
805 465 1037 519 interpungit
1050 468 1079 506 I.
1091 481 1241 508 comma
1254 484 1336 510 non

75 518 161 571 post
174 520 401 570 τέχνασμα,
414 518 474 557 sed
490 519 575 570 post
586 517 755 569 ἁσπόρων
767 531 935 571 ponens»,
953 522 1060 572 quod
1073 534 1197 561 tamen
1209 523 1337 564 Solani

74 584 192 611 manu
207 572 372 611 additum
386 571 450 610 est.
468 573 521 611 Fl.
534 584 631 611 vero
646 572 790 611 nullum
812 572 924 612 habet
943 587 1094 614 comma
1109 576 1147 614 in
1163 588 1247 615 rota
1264 577 1337 617 hac

73 625 235 679 periodo
248 625 295 663 ab
307 624 485 678 ἀσελγῶν
496 624 614 677 usque
629 626 673 664 ad
685 623 781 676 ἁνῆς.
794 625 934 665 Nostra
943 638 1073 666 autem
1087 629 1221 668 divisio
1233 630 1286 668 est
1298 633 1337 670 in

75 679 123 718 P.
133 679 174 717 δι
182 680 235 716 H.
247 678 376 718 Plures
386 679 467 718 edd.
481 679 519 717 in
529 691 569 718 re
581 690 657 717 tam
672 678 817 719 sordida
830 679 1055 732 perscrutari
1071 682 1177 722 nolo.
1188 683 1338 724 Rmz.

128 734 201 770 ead.
215 732 237 770 l.
253 733 289 772 6.
305 733 494 784 Φιλαινὶς)
516 732 714 779 Leucadia,
727 733 868 771 Athen.
886 733 936 781 V3
951 747 1064 786 quam
1081 750 1241 788 purgare
1254 750 1338 777 ten·

74 795 129 825 tat
143 785 264 831 VIII,
285 798 373 837 335.
389 786 605 825 Meminere
625 787 736 825 etiam
752 786 1021 838 impuriffimae
1037 787 1201 837 feminae
1215 790 1339 832 Clem.

73 838 265 878 Alexand.
277 844 403 891 Προτρ.
421 854 470 886 24
483 839 526 878 B.
539 838 584 878 C.
598 839 797 879 &Tatian.
817 854 850 890 p.
871 854 956 885 ιω,
968 841 1008 881 &
1024 844 1107 894 quis
1122 856 1201 882 non
1216 843 1229 881 ?
1247 845 1339 886 Vid.

67 889 176 932 ‘Suid
197 906 234 931 v.
250 893 498 944 Δημοχάρης.
514 892 783 932 Ἀστυάνασσα
807 895 1076 946 Βοστροστέιγη
1100 896 1188 947 ἔρνη.
1213 897 1334 950 Diog.

74 945 200 986 Laert.
212 946 250 984 in
267 946 370 998 Epic.
399 946 501 998 (non
523 946 705 999 invenio)
727 945 767 985 &
783 946 966 986 Nostrum
984 950 1131 1001 Ἀποφρ.
1150 963 1181 990 c.
1194 965 1255 1000 24.
1268 952 1336 992 Lil.

74 999 239 1052 Gyrald
251 1000 301 1038 H.
320 999 426 1039 Poet.
442 999 529 1052 378.
552 999 709 1038 SotAN.

127 1055 200 1092 ead.
214 1053 237 1092 l.
251 1066 265 1091 1
280 1065 309 1092 1.
331 1053 539 1106 Καθαρσίῳ)
554 1053 604 1091 lta
617 1054 697 1092 edd.
711 1052 830 1092 ferme
841 1065 988 1101 omnes,
1001 1054 1041 1094 δι
1056 1055 1111 1094 Μ.
1127 1056 1212 1096 &R
1225 1057 1268 1096 In
1283 1057 1338 1099 Fl.

73 1107 223 1146 vero&
238 1107 268 1144 I.
286 1106 497 1156 καθαρσίων.
520 1108 642 1159 Supra
657 1107 763 1146 aliter
781 1106 1045 1160 usurpaverat,
1056 1111 1121 1148 καὶ
1135 1110 1340 1163 καθαρσίων

71 1159 196 1211 ’τάχα
209 1158 351 1200 δεήσει.
365 1161 464 1199 Vide
479 1161 591 1198 etiam
605 1159 753 1211 Ἀποφρ.
768 1174 800 1200 c.
818 1175 879 1200 21.
901 1161 1057 1201 SOLAN.

126 1216 200 1252 ead,
219 1214 246 1252 l.
264 1209 506 1267 13.'‘Ecpn)1‘p.
520 1213 614 1261 ἔφην.
629 1211 914 1263 (ΞυΥετ.”Εφην
925 1216 982 1254 Μ.
995 1217 1152 1270 optime.
1167 1217 1212 1257 In
1224 1218 1337 1272 impr.

72 1265 154 1317 ἔφη,
167 1267 347 1319 quamvis
358 1267 464 1306 reete
480 1267 637 1306 verterit
651 1268 845 1321 interpres.
869 1268 1028 1308 δοῖ-ΑΝ.

129 1322 218 1374 Pag.
235 1322 353 1372 291.l,
370 1333 402 1372 5.
421 1322 639 1372 Περικλέους
652 1321 697 1361 ἓὲ
711 1321 840 1373 πειθὼ)
853 1322 896 1361 In
910 1322 1095 1376 plerisque
1107 1325 1286 1378 impressis
1297 1327 1339 1367 δι

71 1376 145 1414 W.
155 1374 354 1427 legebatur
365 1373 590 1427 Περικλεῖὲὲ
599 1375 735 1415 πείθου.
751 1376 792 1415 L.
805 1375 844 1414 δι
857 1377 964 1416 Salm.
975 1381 1192 1428 Περικλέους
1205 1379 1249 1418 δὲ
1259 1396 1342 1420 ’,τει-

73 1427 143 1467 35·
168 1441 283 1481 quam
298 1427 468 1480 sequitur
485 1430 538 1468 A.
554 1427 619 1468 Ed.
633 1429 661 1467 I.
676 1441 801 1469 autem
819 1429 861 1468 δι
878 1432 921 1469 V.
933 1443 966 1469 2.
980 1435 1182 1481 Περικλείον
1197 1433 1241 1472 δὲ
1253 1449 1342 1473 πει-

73 1481 143 1520 ὃῶ.
155 1482 311 1522 SOLAN.
325 1483 531 1533 Περίκλειον
545 1482 589 1522 <Pe
598 1482 707 1521 πειθὼ
718 1484 916 1536 legendum
928 1496 976 1522 ex
991 1486 1074 1522 ΑΖΔ.
1087 1499 1107 1524 a
1121 1499 1199 1538 qua
1214 1486 1341 1526 disces-

72 1535 156 1576 sum
172 1537 219 1575 ab
236 1537 284 1575 iis
299 1548 395 1588 puto
405 1566 418 1583 ‚
434 1549 534 1588 quos
549 1535 782 1584 offenderet,
795 1537 987 1577 immerito
1001 1539 1153 1590 quidem
1164 1570 1174 1587 ‚
1189 1541 1341 1580 adiecli-

73 1603 170 1630 vum
188 1591 416 1640 Περίκλειος,
438 1591 551 1642 idque
566 1591 768 1629 communi
787 1603 926 1643 genere
946 1590 1179 1643 usurpatum.
1205 1594 1340 1634 Malim

73 1644 189 1684 etiam
205 1644 329 1695 legere
349 1644 552 1695 Περίκλειόν
575 1658 618 1683 τε
637 1644 769 1692 πειθὼ,
793 1645 898 1696 quod
918 1644 1117 1685 iunc‘aeurae
1141 1647 1340 1688 videbatur

74 1698 221 1751 aptius:
251 1697 290 1736 &
303 1696 419 1748 paulo
432 1696 517 1750 post
529 1727 541 1743 ,
555 1709 627 1749 pro
640 1695 691 1737 {vl
704 1698 755 1747 τῷ
768 1698 821 1746 σῷ
833 1698 936 1751 λόγῳ
952 1697 1174 1751 διατρῖψαι,
1191 1701 1222 1739 ἐν
1239 1700 1284 1741 {vc
1304 1717 1342 1742 κ.

74 1763 159 1790 τ.λ.
182 1751 381 1804 Repetitio
399 1751 594 1790 literarum
616 1752 822 1791 earundem
839 1765 872 1790 εν
886 1750 1076 1792 omiffioni
1098 1754 1341 1795 occasionem

75 1803 213 1845 dediffe
227 1804 362 1857 potest.
387 1804 515 1846 GnsN.
542 1805 758 1857 Περικλέους
771 1804 816 1845 ἑὲ
830 1805 969 1859 πειθὼ)
995 1806 1105 1858 Quia
1128 1820 1175 1846 ex
1193 1807 1341 1849 Codice

74 1859 203 1899 bonae
217 1870 332 1898 notae
345 1857 399 1898 est
409 1888 420 1906 ‚
435 1859 476 1899 δι
490 1858 658 1898 versioni
674 1858 832 1898 Gesneri
855 1871 1070 1910 congruum
1082 1890 1094 1908 ‚
1116 1861 1190 1901 hoc
1203 1863 1341 1914 recepi.

0 1932 1 1937 =
75 1913 185 1953 Licet
196 1912 225 1952 is
235 1913 336 1952 enim
347 1913 555 1964 Περίκλειον
569 1910 771 1964 praeferat,
784 1912 875 1952 nihil
888 1912 1014 1953 differt
1025 1913 1149 1954 sensus
1161 1929 1171 1961 3
1188 1915 1224 1955 &
1235 1918 1343 1968 quod

77 1979 217 2020 genere
227 1967 425 2006 communi
438 1966 559 2019 accipi
571 1967 608 2005 id
623 1966 850 2006 adieetivum
864 1967 972 2013 dicit,
992 1966 1137 2007 defendi
1158 1969 1276 2021 poffet
1292 1983 1342 2010 ex

77 2021 190 2060 huius
204 2018 355 2059 Differt.
373 2032 407 2060 c.
429 2034 495 2071 27,
520 2020 582 2059 ubi
596 2019 810 2073 yvmimfoae
826 2020 969 2062 cuvosoe
987 2021 1210 2070 habuimus,
1233 2024 1342 2075 quod

77 2074 133 2113 ibi
155 2074 324 2127 pluribus
343 2074 504 2126 probavi
515 2074 586 2112 dici
610 2073 736 2126 poffe,
759 2072 826 2113 etsi
845 2074 883 2112 in
899 2074 1070 2114 Luciano
1091 2076 1142 2114 ibi
1156 2089 1234 2115 non
1250 2091 1343 2129 pro-

80 2127 180 2168 bem.
195 2128 346 2167 Verum
359 2127 438 2180 ipse
449 2128 548 2167 male
559 2126 704 2180 positus
716 2128 925 2167 editionum
942 2129 970 2166 I.
986 2130 1024 2168 ὃς
1045 2131 1086 2166 V.
1100 2144 1134 2168 2.
1144 2141 1344 2177 accentus,v

78 2194 180 2235 quae
202 2182 408 2233 Περικλείον
430 2181 672 2234 praeferunt,
700 2180 952 2234 suspicionem
969 2183 1144 2234 praebet,
1167 2183 1343 2223 ultimam

78 2235 235 2288 longam
248 2234 354 2275 fuiffe
369 2236 406 2274 in
422 2248 471 2275 eo
486 2235 585 2275 Cod.
598 2235 698 2274 unde
710 2235 802 2274 haec
811 2234 1005 2286 descripta.
1025 2236 1167 2275 Rzrrz.

136 2291 227 2343 Pag.
238 2303 324 2342 292.
333 2289 355 2327 l.
372 2303 386 2328 1
394 2289 634 2341 ,Τελέσιλλοὴ
645 2287 813 2327 Consule
822 2288 1030 2328 Meursium
1043 2290 1112 2330 Gr.
1126 2289 1193 2329 fer.
1206 2291 1243 2329 in
1254 2288 1345 2341 ὑβρι-

82 2345 213 2388 στικὰ,
227 2342 268 2381 &
282 2342 379 2382 Plut.
392 2357 482 2396 437.
499 2343 618 2395 Leop.
638 2341 695 2393 58.
711 2342 780 2381 Lil.
793 2342 960 2393 Gyrald.
974 2344 1022 2382 H.
1039 2343 1145 2383 Poet.
1165 2358 1251 2397 374.
1272 2345 1345 2384 So-

82 2407 180 2436 LAN.
205 2397 296 2436 Non
317 2397 389 2436 iam
410 2409 509 2449 opus
522 2395 574 2436 est
593 2396 694 2434 aliud
707 2396 768 2435 hic
787 2396 973 2442 indicare,
995 2410 1111 2449 quam
1127 2397 1344 2437 Telesillam

80 2451 240 2489 eandem
255 2448 328 2489 effe
341 2451 526 2503 poetriam
536 2480 550 2496 ,
571 2450 616 2488 de
629 2462 704 2501 qua
717 2450 845 2488 omnia
864 2450 937 2487 iam
957 2449 1079 2490 studio
1094 2451 1151 2490 Io.
1167 2450 1345 2491 Christia-

81 2503 122 2544 ni
138 2503 280 2546 Wolfii
301 2504 339 2543 in
360 2517 480 2544 unum
500 2503 660 2544 coneda
676 2502 717 2542 ὅτ.
737 2503 1124 2597 νεηάεηὴοεὸὶςίειηίε
1142 2506 1246 2557 typis
1269 2506 1345 2547 ele·

1024 2570 1049 2597 o
1078 2572 1100 2596 2
