1730 3326
373 219 468 282 &fi
570 204 1442 263 ANNOTATIONES

374 305 486 348 nobis
507 305 709 347 videbatur
732 306 892 353 melius,
914 307 1036 346 tutius
1056 318 1159 347 certe
1179 307 1293 354 nihil,
1317 310 1434 359 quam
1455 307 1573 349 redire
1593 308 1640 350 ad

374 360 577 413 principia,
593 371 707 412 atque
721 371 763 398 ut
776 360 884 407 editi,
906 372 953 399 ut=
967 361 1201 413 interpretati
1213 360 1297 400 sunt
1316 362 1340 399 ii
1359 359 1494 401 versus
1507 363 1554 401 ab
1568 363 1642 402 ini-

374 415 429 455 tio
441 442 454 459 ,
471 415 524 452 ita
543 425 613 454 eos
628 413 930 466 repraesentare,
952 414 998 453 de
1019 415 1248 455 comesturis
1261 414 1497 454 eruditorum
1516 415 1641 456 homi-

373 479 468 507 num
486 466 594 506 suum
611 468 750 520 cuique
765 466 941 506 iudicium
963 469 1189 518 permittere.
1204 467 1338 507 Paffim
1360 480 1484 508 metro
1499 468 1641 510 laudati

374 521 451 559 viri
466 520 601 560 melius
615 519 820 560 consulunt
831 551 842 568 ‚
854 519 980 559 sedita
991 551 1004 566 ‚
1022 532 1063 561 ut
1078 521 1181 560 nulla
1199 520 1242 560 fit
1256 534 1387 560 earum
1406 523 1640 562 emendatio-

372 586 488 620 num,
501 575 547 613 de
562 586 641 626 qua
655 574 842 612 affirmare
857 574 997 613 audeas
1007 604 1019 619 ,
1034 574 1084 614 sic
1098 587 1118 614 e
1135 587 1253 614 manu
1267 574 1328 614 vel
1342 575 1557 624 Menandri,
1573 576 1638 617 vel

373 627 491 667 nostri
505 627 600 667 adeo
615 627 778 667 au&oris
788 657 801 672 ‚
813 628 876 679 qui
892 640 981 666 eum
994 626 1093 667 forte
1107 640 1154 667 ex
1172 629 1355 667 memoria
1371 628 1561 676 laudavit,
1576 642 1640 669 ex·

373 680 467 722 iiffe.
482 680 609 722 stN.
627 681 749 720 Aliter
763 680 914 731 quidem
931 682 1063 720 dividit
1085 681 1156 721 hos
1171 681 1381 721 versiculos
1395 681 1489 721 lens.
1506 683 1545 722 in
1559 683 1641 736 ple-

372 732 498 787 risque
513 735 594 776 edd.
619 747 702 773 uno
726 734 843 774 duelu
863 746 1061 782 exaratos,
1084 735 1236 787 aliaque
1260 736 1300 774 in
1324 736 1366 774 iis
1385 736 1519 788 partim
1536 736 1639 777 reae

372 788 554 840 corrigit3
571 801 709 828 verum
722 787 814 840 quia
829 786 1007 840 septimus
1028 789 1069 828 &
1083 788 1245 828 oelavus
1259 789 1310 828 ita
1326 802 1405 828 non
1421 790 1640 842 corrigeba-

373 852 452 888 tur,
473 842 583 880 aliam
598 842 752 885 iniimus
765 840 889 887 viam,
910 843 1072 881 maxime
1088 842 1243 881 duflum
1265 841 1394 882 Solani
1412 842 1636 895 sequentes,

373 907 416 935 ut
429 894 563 935 senarii
576 907 710 935 omnes
722 894 868 934 fierent.
885 894 958 934 Sed
973 896 1121 948 plurimi
1135 897 1210 935 iam
1226 896 1271 935 ad
1283 894 1392 935 senos
1407 898 1520 948 pedes
1535 898 1641 937 reda-

373 948 424 987 cti
436 960 544 988 erant
557 949 595 989 in
609 949 666 990 ed.
680 949 727 995 P.r
739 948 780 988 δι
795 949 893 1001 apud
907 950 1104 988 Menandr.
1121 962 1278 1002 quoque
1291 949 1342 989 fic
1356 949 1484 997 fuiffe,
1498 951 1639 1002 proba-

374 1002 448 1046 bile
461 1002 535 1051 est,
552 1015 632 1042 non
644 1014 766 1048 ver0,
780 1013 824 1041 ut
848 1002 966 1045 modo
982 1002 1067 1051 sex,
1088 1004 1207 1044 modo
1230 1003 1370 1056 septem
1381 1033 1394 1052 ‚
1409 1005 1528 1044 modo
1544 1004 1639 1044 ouo

370 1054 488 1096 essent
506 1056 656 1109 pedum.
677 1056 824 1096 RmTz.

427 1114 500 1149 ead.
514 1111 537 1147 l.
555 1125 588 1163 3.
602 1109 671 1149 Καὶ
681 1110 824 1162 γένετ’)
835 1110 934 1163 Lege
943 1109 1007 1149 καὶ
1019 1110 1151 1164 γίνετ’.
1164 1111 1335 1150 GUYET.
1347 1110 1472 1164 Quod
1485 1110 1637 1164 Guyet.

371 1174 525 1209 monet,
540 1165 576 1202 id
589 1164 670 1203 edd.
686 1165 716 1202 I.
737 1164 781 1201 P.
802 1164 974 1216 aliaeque
988 1165 1060 1204 iam
1079 1164 1265 1204 habebant
1279 1165 1401 1205 reae:
1420 1166 1460 1206 δι.
1475 1165 1566 1218 quia
1578 1166 1638 1204 vi-

370 1216 469 1264 deo,
484 1218 520 1256 id
538 1216 646 1269 saepe
666 1216 713 1257 ab
729 1229 777 1256 eo
791 1215 885 1264 fleri,
899 1217 1084 1258 eiusmodi
1097 1216 1398 1270 supervacaneas
1410 1219 1639 1258 admonitio-

369 1283 438 1310 nes
453 1272 581 1323 potius
597 1271 840 1319 omittemus3
854 1272 944 1323 quia
960 1270 986 1310 s1
1001 1272 1093 1323 quid
1108 1282 1200 1312 vett.
1225 1273 1306 1312 edd.
1326 1273 1461 1312 reaius
1473 1272 1637 1320 habent,

367 1323 404 1363 id
417 1323 551 1378 sponte
565 1323 772 1377 sequimur,
784 1324 823 1367 &
844 1325 882 1364 in
896 1325 1074 1365 variantt.
1095 1325 1214 1367 Leklt.
1232 1338 1474 1365 annotamus.
1488 1326 1638 1366 Rerrz.

424 1382 498 1420 ead.
513 1380 536 1418 l.
552 1395 588 1427 4.
599 1378 646 1416 ‘O
661 1377 802 1430 μισεῖν)
818 1377 880 1417 An
898 1377 973 1417 fic?
988 1379 1136 1428 ’ὀμισεῖν
1148 1379 1185 1418 δ’
1198 1375 1269 1429 οἶμ’
1282 1378 1355 1420 ἳιστ.
1373 1394 1410 1419 τ.
1422 1380 1540 1421 δεοὺς.
1559 1385 1638 1419 Γυν.

370 1429 590 1481 {ormo-cem
611 1432 835 1472 GUYET.‘'O
852 1434 977 1482 μισεῖν
1000 1429 1074 1483 οἶμ’
1094 1434 1149 1472 Η.
1169 1433 1226 1472 Fr.
1250 1433 1296 1475 Β.
1312 1447 1346 1472 2.
1372 1434 1420 1475 P.
1437 1435 1475 1474 S.
1493 1433 1536 1473 In
1553 1436 1639 1474 Ven.

368 1497 532 1539 utraque
546 1486 715 1525 inseritur
730 1486 774 1524 Σὲ
794 1485 875 1535 post
890 1485 928 1532 ὃ,
945 1499 1076 1539 prave.
1092 1486 1249 1526 SOLAN.

421 1543 493 1579 ead.
510 1543 532 1578 l.
550 1554 579 1591 5.
600 1538 763 1592 svva'fn’)
778 1539 1001 1579 Emendatio
1017 1541 1238 1592 Anonymi,
1254 1540 1363 1580 cuius
1375 1541 1567 1581 rationem
1579 1541 1639 1580 vi·

367 1594 414 1633 de
427 1595 463 1633 in
477 1596 558 1634 eius
570 1595 604 1634 Ν
609 1605 686 1634 ota.
704 1593 744 1632 ln
762 1594 943 1633 omnibus
954 1594 1052 1633 enim
1067 1595 1168 1634 libris
1177 1606 1254 1634 erat
1267 1593 1465 1645 γυναῖκας.
1477 1595 1636 1635 SOLAN.

366 1647 411 1687 In
426 1648 601 1688 versione
607 1649 771 1699 feminam
786 1660 856 1699 pro
868 1647 1018 1698 feminas
1031 1648 1130 1696 dedi,
1142 1648 1248 1701 quod
1260 1647 1417 1689 Gesner.
1431 1661 1510 1688 non
1524 1661 1637 1701 aegre

364 1700 474 1741 feret.
497 1703 637 1742 Cetera
657 1703 739 1742 eius
760 1701 807 1740 ad
824 1702 1023 1754 vulgatum
1044 1713 1194 1743 textum
1209 1701 1397 1742 conversa
1416 1715 1494 1742 non
1510 1703 1637 1755 attigi,

364 1756 454 1808 quia
474 1756 662 1795 incertum
674 1786 685 1802 ‚
699 1755 901 1807 quomodo
915 1756 944 1794 is
960 1756 1226 1796 emendandus.
1241 1755 1385 1795 Rurz.

419 1811 501 1849 ibid.
510 1804 947 1862 ’Ἑπλωσσενγεπλασεν
957 1811 1028 1849 W.
1044 1810 1102 1848 uti
1115 1809 1278 1850 Grotius
1291 1809 1458 1850 volebat.
1471 1808 1632 1863 Reliqui

363 1862 450 1908 libri
463 1877 599 1904 omnes
611 1864 819 1908 ἔπλασσεν,
833 1864 937 1915 quod
957 1863 997 1902 δι
1014 1861 1249 1903 servandum.
1265 1862 1422 1903 SOLAN.

417 1920 489 1956 ead.
502 1920 526 1958 l.
543 1932 581 1968 7.
600 1921 647 1956 Το
661 1940 705 1948 -
720 1916 878 1969 Λάχης)
893 1917 992 1956 Vide
1006 1917 1210 1967 Anonymi
1225 1929 1369 1956 nomm.
1384 1917 1531 1956 Neutra
1547 1929 1633 1956 vox

361 1971 400 2013 in
416 1972 524 2012 libris
536 1981 629 2012 erat.
645 1971 803 2011 SOLAN.
816 1973 861 2008 Tb
881 1971 1008 2010 deerat
1022 1972 1059 2009 in
1073 1971 1156 2010 edd.
1177 1970 1339 2010 Inseruit
1359 1969 1488 2010 Solan.
1504 1971 1543 2009 &
1557 1970 1632 2010 Λέι.

360 2039 445 2078 χης
459 2039 619 2079 quoque
632 2026 841 2066 addendum
865 2024 1108 2077 adscripserat
1121 2055 1130 2069 ‚
1146 2037 1225 2063 non
1239 2023 1292 2063 sat
1314 2024 1452 2063 idonea
1467 2023 1632 2064 aufilori-

359 2089 460 2119 tate:
473 2081 559 2123 ideo
572 2092 651 2120 non
668 2080 801 2125 addidi,
816 2079 874 2117 sed
885 2079 1024 2130 aliquid
1038 2077 1157 2118 deeffe
1170 2077 1280 2120 facile
1293 2088 1410 2130 patet,
1421 2078 1509 2131 quia
1521 2078 1632 2131 quin.

360 2146 439 2187 que
452 2144 597 2174 tantum
611 2134 748 2185 pedum
763 2133 815 2175 est
829 2132 971 2172 versus.
988 2132 1133 2173 REITz.

413 2188 494 2230 ibid.
513 2191 645 2228 Λοιπὸν
657 2189 737 2240 ’γὰρ
751 2186 863 2238 ἔοι-ιθ.)
879 2188 940 2225 An
957 2185 1007 2226 [ιε
1023 2202 1030 2225 :
1044 2188 1086 2226 τὸ
1109 2187 1237 2226 λοιπὸν
1247 2186 1327 2239 ’γὰρ
1347 2183 1537 2235 ἐπιθυμίαι
1559 2199 1632 2225 κοι-

358 2241 426 2280 aa)
444 2241 511 2279 Καὶ
521 2243 668 2292 μοιχδς
681 2240 858 2292 ἐντρυφῶν
872 2254 899 2292 2¹
909 2241 1056 2290 αμη).ι’ῳ
1072 2240 1208 2291 λέχει;
1224 2239 1396 2280 GUYET.

413 2298 485 2334 ead.
501 2296 524 2333 l.
541 2295 576 2334 8.
591 2295 784 2347 Γαμηλίῳ)
799 2294 903 2333 Ante
918 2294 1136 2346 legebamus
1151 2294 1248 2333 male
1264 2294 1333 2334 Καὶ
1344 2304 1496 2347 γαμηλ.
1508 2291 1628 2333 Dele-

356 2348 416 2388 vit
430 2348 495 2387 καὶ
507 2349 635 2391 Solan.
653 2350 692 2388 &
708 2349 791 2389 eius
803 2348 892 2387 loco
907 2347 950 2387 ὃὲ
967 2346 1123 2387 inseruit
1138 2347 1222 2399 post
1234 2348 1355 2400 Λέχει.
1372 2346 1518 2386 Rmz.

409 2406 482 2448 ead.
498 2403 519 2441 l.
535 2417 570 2454 9.
585 2401 660 2443 Εἶτ’
673 2401 895 2454 ἐπιβουλαὶ)
913 2398 1006 2442 Ειτέι
1021 2403 1054 2440 τ’
1068 2400 1168 2447 ἑπιβ.
1182 2401 1269 2441 Post
1281 2404 1326 2440 τὶ
1339 2399 1541 2447 ἐπιβουλαὶ
1557 2399 1624 2439 ali-

353 2456 447 2509 quid
462 2456 580 2496 deess'e
600 2457 761 2496 videtur.
778 2456 945 2496 GUYET.

365 2514 370 2517 '
404 2510 481 2557 ibid.
505 2510 573 2550 Kx}
594 2510 862 2564 φαρμακεῖαι)
883 2510 926 2555 In
945 2509 1001 2550 ed.
1020 2509 1065 2550 P.
1084 2509 1145 2555 hic
1164 2507 1295 2553 versus
1317 2509 1369 2552 ita
1391 2507 1621 2553 inchoabat:
