1730 3326
114 189 215 236 IN
264 188 384 236 DE
433 185 1165 236 ASTROLOGIA.
1219 205 1311 256 527

37 278 98 320 sic
120 279 359 320 Benediems.
377 278 557 322 Erasmus,
572 291 671 319 vero
682 309 692 325 ,
707 295 774 318 non
788 278 857 317 illis
874 278 1004 331 quidem
1020 290 1187 333 utcunque
1202 280 1314 331 visum

37 333 332 386 estconfiblis‚fid
342 348 426 385 quae
442 345 542 372 notae
555 348 660 372 rerum
675 333 784 384 cffcnt.
802 333 892 372 Non
909 334 1102 384 attingunt
1117 333 1313 373 nucleum.

35 387 157 427 Verte
169 416 180 434 2
197 403 264 426 non
282 387 440 433 nomina,
457 389 551 439 ficut
568 387 778 433 videbamur,
794 384 859 436 fid
867 387 970 438 figna
987 385 1027 424 δι
1051 387 1184 425 indicia
1205 387 1286 426 eius
1299 418 1312 432 ,

36 440 130 493 quid
147 437 282 491 efflent,
299 440 466 494 quidque
486 440 690 480 efficerent.
706 439 869 480 'esbum
887 452 964 478 non
983 438 1080 478 refer
1100 441 1144 479 ad
1158 440 1319 481 Aethio·

38 506 128 548 pas,
144 492 203 532 sed
218 492 312 546 ipsas
333 493 609 547 appellationes
627 493 667 533 δι
686 491 1113 532 nomina.Videbantur
1127 492 1199 533 effe
1214 495 1315 533 nuda

37 547 197 587 nomina
212 546 312 587 forte
324 547 424 592 data,
439 559 527 586 cum
539 559 664 586 tamen
676 545 743 585 sub
758 546 827 585 illis
839 546 997 585 laterent
1012 545 1314 595 σημεῖαΟΒοΝ.

90 603 164 639 ead.
177 601 200 639 I.
219 613 273 640 12.
292 600 421 652 Μέζον)
439 599 560 640 Recte
577 613 648 651 pro
659 599 795 652 μεῖζον.
809 599 855 639 Et
871 612 963 639 mox
982 598 1109 639 rursus
1119 600 1243 651 μέζω,
1260 613 1315 639 at-

36 666 114 707 que
138 653 345 694 alibi.vid.
363 654 548 694 Maittair.
567 654 612 693 de
626 652 806 694 ΒίειΙεὲἰῐ.
819 667 855 706 p.
876 667 889 692 1
903 668 944 706 13
968 655 1023 693 ed.
1045 654 1251 706 Hagame,
1272 656 1314 695 ὅ(

36 720 124 761 pag.
140 721 224 760 133.
240 707 388 748 Rex-rz.

1 773 7 779 ‘
91 763 164 800 ead.
181 763 205 800 l.
221 775 278 812 13.
291 760 433 814 Μηνῶν)
447 761 510 800 An
523 761 675 812 μνινέων,
688 772 729 800 ut
743 760 877 814 supra?
889 759 1058 801 GUYET.
1074 761 1213 802 ane'cov
1226 761 1313 802 scri-

39 813 77 853 bi
97 813 216 867 poscit
233 811 452 861 maleam,
470 827 550 854 non
562 845 572 861 ‚
595 825 637 853 ut
654 816 690 853 in
707 816 888 853 omnibus
908 816 1079 866 reperio,
1091 815 1223 865 μηνιῖν.
1238 816 1316 856 So..

39 878 138 907 LAN.
156 868 200 907 In
217 869 397 908 omnibus
406 868 522 919 μηνῶν
533 868 633 907 male
649 869 794 920 reperi,
809 869 914 920 quod
939 869 1075 907 mirum
1091 898 1100 913 ‚
1120 871 1208 920 quia
1232 883 1315 910 uno

40 921 155 962 versu
171 921 340 974 superius
353 934 481 961 tamen
492 923 629 972 μηνέων
644 921 746 961 reete
761 921 954 961 habebant
969 923 1186 961 nonnullae.
1204 924 1317 976 Qua·

43 988 85 1015 re
98 988 178 1016 non
192 986 287 1024 erat,
310 989 379 1015 cur
392 976 577 1028 Guyetus
589 975 791 1016 dubitaret.
812 975 898 1029 Ego
910 974 1039 1014 saltem
1051 989 1131 1015 non
1144 977 1318 1018 dubitavi

35 1028 88 1069 fic
103 1029 308 1069 restituere.
323 1030 471 1070 Rmz.

94 1084 185 1137 Pag.
204 1099 226 1123 2
238 1083 294 1123 ¹8.
307 1085 330 1122 l.
341 1098 369 1123 1.
383 1083 611 1136 Ἐμίνο-οιντο)
623 1083 656 1122 Α
676 1082 864 1133 μῆἒομοιι.
878 1083 1046 1124 GUYET.
1057 1083 1148 1124 Non
1161 1084 1315 1125 addidis-

34 1136 135 1184 sem,
153 1137 222 1176 nifi
244 1148 286 1177 ut
310 1149 508 1191 appareret
530 1136 759 1177 Scholiastae
784 1137 1078 1190 ἐμηχανήσαντο
1107 1138 1314 1192 expositio-

37 1203 126 1231 nem
141 1190 238 1238 effe,
257 1204 336 1231 non
352 1192 461 1230 aliam
479 1191 690 1231 leelionem.
707 1190 856 1231 REITZ.

91 1247 164 1284 ead.
177 1246 201 1283 l.
217 1259 250 1297 3.
264 1241 357 1284 Οὐδ’
372 1243 477 1298 ἅμα)
495 1244 658 1297 Coi-rige
670 1242 844 1293 οὗὲαμᾶ,
860 1255 903 1285 ut
921 1244 1016 1285 infra
1031 1244 1046 1295 §
1068 1258 1124 1299 ¹9·
1142 1245 1316 1301 GUYE’R

39 1294 210 1348 Οὖὸοιμᾶ
220 1299 236 1352 )
248 1298 293 1338 In
313 1300 494 1338 omnibus
509 1298 705 1351 legebatur
718 1296 796 1338 0133*
810 1296 907 1349 ἕιμοι.
923 1298 1007 1352 Ego
1023 1300 1179 1339 mutavi.
1197 1300 1315 1353 Quin

34 1365 131 1392 mox
149 1366 220 1405 pro
244 1355 499 1403 κινεομένοισι,
523 1353 723 1406 legendum
745 1352 883 1393 censeo
902 1355 1098 1393 πλάνητες
1122 1356 1316 1396 κινέονται.

35 1404 196 1446 SOLAN.
214 1406 369 1446 Lubens
394 1407 525 1460 itaque
550 1407 639 1446 huic
659 1405 700 1446 δι
720 1406 867 1447 Solano
886 1407 1124 1455 auscultavi,
1144 1419 1259 1461 atque
1275 1410 1315 1450 in

35 1460 213 1500 versione
230 1462 496 1514 haudquaquam
509 1461 612 1509 dedi3
638 1461 744 1514 quod
757 1460 873 1500 Gesn.
887 1462 951 1514 qui
967 1463 1136 1512 nccfimul
1156 1475 1202 1501 ex
1222 1464 1314 1503 vul-

33 1526 122 1567 gata
137 1514 348 1554 reddiderat
360 1546 372 1564 ‚
393 1528 473 1554 non
485 1528 597 1568 aegre
607 1514 723 1562 feret3
739 1527 826 1553 nam
842 1528 901 1554 res
916 1513 969 1554 est
981 1515 1111 1567 parvi,
1127 1514 1166 1554 &
1181 1516 1314 1569 vulga-

33 1578 74 1608 ta
95 1569 322 1609 tolerabilis:
343 1582 460 1621 quam
479 1570 540 1608 hic
563 1581 643 1607 non
665 1568 862 1619 mutaffem
877 1599 888 1615 ,
903 1566 931 1607 s1
947 1581 1046 1622 quae
1066 1568 1172 1608 litera
1188 1568 1313 1612 fuisset

36 1623 241 1670 mutanda;
255 1633 293 1662 at
306 1636 395 1663 cum
409 1623 446 1661 in
459 1633 616 1662 accentu
630 1633 777 1661 tantum
791 1622 830 1662 &
843 1621 972 1675 spiritu
986 1621 1164 1662 consistat
1179 1637 1313 1665 emen-

35 1676 162 1724 datio,
177 1678 335 1716 Luciani
354 1675 500 1716 sensum
525 1677 644 1728 magis
659 1688 875 1728 congruum
890 1676 1070 1723 reddens,
1093 1689 1174 1716 non
1193 1677 1312 1719 haefi.

34 1731 118 1770 tavi
131 1731 168 1770 id
179 1731 348 1784 recipere
358 1762 370 1780 ,
384 1730 491 1782 quod
506 1730 706 1783 aliquanto
717 1730 851 1769 melius
862 1729 997 1769 visum.
1012 1727 1158 1770 RErrz.

88 1787 161 1824 ead.
186 1786 212 1823 l.
232 1800 268 1834 4.
281 1785 334 1825 Ἐν
354 1785 453 1823 τοῖσι·
472 1784 725 1837 κινεομένοισι)
740 1784 919 1824 Additltia
934 1785 1123 1824 videntur.
1138 1784 1311 1830 GUYETg

34 1836 128 1879 Non
141 1849 237 1891 puto
250 1839 351 1878 hunc
362 1838 490 1879 locum
504 1836 577 1877 effe
589 1838 796 1890 integrum,
809 1836 869 1877 sed
882 1839 1001 1877 verba
1015 1840 1201 1891 quaedam
1215 1852 1312 1880 tem.

34 1905 175 1946 porum
198 1893 336 1932 iniuria
360 1891 559 1941 excidiffe,
583 1893 645 1931 cui
675 1893 731 1931 rei
755 1889 995 1932 occasionem
1018 1893 1179 1942 dederit,
1201 1895 1311 1947 quod

34 1945 119 1999 post
131 1946 338 1987 relativum
350 1946 383 1987 ἐν
394 1946 493 1986 τοῖο-ι
506 1945 727 1999 sequeretur
740 1945 921 1986 κινέονται
934 1977 945 1993 ,
958 1959 1002 1985 ac
1017 1948 1146 1999 paucis
1156 1948 1309 1989 interie-

28 2000 106 2042 velis
116 2002 346 2051 κινεομένοισι
359 2032 370 2049 ,
383 2000 511 2040 iisdem
527 1999 683 2051 syllabis
699 2000 902 2051 prioribus.
917 2000 1124 2040 Sexcentas
1137 2001 1174 2040 in
1189 2015 1308 2044 omne

36 2067 158 2108 genus
178 2054 282 2094 libris
301 2055 458 2094 lacunas
482 2054 626 2107 peperit
648 2054 731 2093 talis
746 2065 996 2106 cognatarum
1015 2055 1078 2094 vel
1101 2056 1310 2097 earundem

36 2121 181 2149 vocum
205 2109 393 2160 repetitio.
412 2108 770 2161 Interpretationem
798 2109 947 2148 interim
964 2109 1072 2155 dedi,
1089 2121 1170 2148 non
1189 2123 1308 2162 quam

37 2162 158 2203 verba
173 2161 426 2208 subiicerent,
442 2162 584 2214 quippe
605 2174 706 2214 quae
718 2175 797 2203 non
813 2162 1066 2216 intelligebam
1079 2177 1092 2211 ;
1106 2162 1168 2203 sed
1188 2176 1308 2217 quam

0 2226 2 2261 l
37 2228 100 2257 res
113 2216 189 2269 ipsa
200 2217 392 2270 postulare
405 2215 486 2256 visa
500 2215 563 2256 est.
578 2215 707 2256 GEsN.

0 2284 2 2326 μ
30 2319 32 2322 y
94 2271 173 2310 ibid.
193 2270 351 2324 Οἰκεῖοι)
368 2268 495 2310 Ὁκοῖοι
511 2270 611 2322 lego.
631 2269 801 2312 GUYET.
821 2270 914 2311 Non
937 2270 1084 2324 inepte;
1102 2270 1169 2311 etfi
1190 2269 1309 2311 οἰκεῖοι

0 2331 3 2367 Ι
36 2324 207 2365 nondum
230 2325 381 2373 reficio,
430 2325 494 2364 uia
516 2325 668 2365 videtur
688 2325 874 2378 respicere
899 2325 944 2365 ad
959 2326 1105 2378 coelestes
1117 2327 1251 2371 domus,
1267 2325 1306 2364 in

35 2378 178 2431 quibus
199 2377 265 2418 illa
285 2379 410 2419 anima
427 2379 461 2418 ia
479 2378 677 2427 habitant,
704 2380 788 2426 vel,
814 2392 913 2433 quae
935 2380 1094 2420 zodiaco
1118 2380 1204 2418 sunt
1222 2391 1312 2433 prof

23 2432 131 2486 pria.
152 2432 300 2472 REITz.

97 2488 171 2528 ead.
186 2488 211 2528 l.
220 2500 258 2542 7.
269 2487 361 2528 Ἀπο
376 2486 483 2541 τέων)
499 2486 528 2528 Ι.
540 2499 573 2529 e.
587 2486 657 2540 ἀφ’
666 2483 724 2530 ἱῧν.
739 2484 906 2529 GUYET.
918 2487 1010 2528 Hoc
1023 2485 1135 2527 nimis
1148 2496 1284 2527 notum
1291 2495 1310 2541 ὁ
