1730 3326
314 187 1024 239 INAMORES.
1211 208 1301 259 559

81 285 157 323 ead.
171 283 196 322 l.
211 295 270 335 13.
287 281 468 335 Αιβυρνοὶ)
491 281 555 321 De
578 281 642 321 his*
657 281 858 334 navigiolis
871 281 1010 322 Renat.
1024 283 1166 336 Veget.
1184 297 1217 323 c.
1241 299 1303 336 33,

29 336 94 377 lib.
107 352 146 386 4.
158 337 325 389 Appian.
341 337 378 374 in
394 335 537 386 Illyric.
551 336 725 375 Bonan.

83 391 120 429 in
140 390 257 429 Schol.
277 389 338 429 col.
361 402 392 427 1.
406 389 429 428 l.
454 388 701 442 ς.”Ισχυντο)
719 389 937 441 Legendum
954 389 1107 428 videtur
1125 390 1281 443 ἰ’σχοντο
1294 420 1307 438 ,

31 442 108 484 hoc
125 444 177 483 est
188 444 424 497 ,fistebantur,·
439 453 553 494 atque
569 443 653 481 inde
666 443 779 482 etiam
793 442 1049 482 emendandus
1062 443 1198 482 Suidas
1209 473 1220 491 ‚
1239 445 1308 496 qui

31 497 146 536 habet
170 495 348 542 iio-numo,
364 495 471 548 quod
487 496 602 534 vertit
627 497 799 548 instruHae
823 508 918 534 erant
939 495 1127 536 Aemilius
1150 496 1304 536 Portus.

31 550 162 590 CLER.
178 549 263 589 Cur
277 549 408 589 Suidas
426 549 683 588 emendandus
703 548 771 596 fit,
789 549 916 588 nullus
943 550 1075 589 video:
1091 551 1250 590 ἤσκηντο
1266 563 1309 589 e-

31 605 110 644 nim
125 602 228 643 refie
244 602 280 641 se
297 603 411 641 habet
423 631 434 650 ‚
457 604 496 641 δι
510 604 611 642 reete
627 603 805 648 vertitur,
818 603 991 655 instruaae
1005 617 1113 649 erant,
1129 617 1209 655 quo
1224 603 1307 643 sen-

33 657 76 697 su
95 657 130 695 id
143 657 307 696 verbum
331 657 387 695 bis
401 668 561 708 quoque
577 658 614 694 in
632 656 713 708 ipso
735 657 910 695 Luciano
929 656 1129 696 habuimus
1143 657 1252 710 supra
1267 659 1306 697 in

33 712 80 750 de
94 709 182 749 Salt.
196 710 236 750 &
255 709 476 749 habebimus
489 708 594 748 infra.
611 709 725 761 Quin
740 710 856 761 igitur
869 711 996 761 potius
1008 710 1240 750 Scholiasten
1257 724 1307 751 ex

36 763 152 803 Suida
164 763 444 802 emendandum
455 762 642 808 censeam,
654 775 701 802 ex
717 775 797 815 quo
812 764 903 802 haec
916 765 960 801 ad
975 764 1134 803 verbum
1152 764 1234 803 sunt
1247 766 1310 804 de·

33 816 190 870 scripta;
205 817 372 856 maxime
393 829 480 856 cum
498 814 657 857 ἤσκηντο
673 829 831 868 quoque
854 817 892 854 in
912 816 957 856 C.
979 819 1135 869 reperiri
1151 818 1307 857 testetur

33 869 197 910 Solanus
209 901 222 917 ‚
240 884 354 922 quem
372 871 507 916 miror,
523 870 591 923 qui
605 869 746 910 Clerici
759 870 1125 911 animadverfionem
1139 871 1189 910 sic
1205 872 1308 912 abire

31 924 79 964 fit
121 924 229 964 allus.
254 925 401 963 Rmz.

123 991 180 1030 ag.
197 978 284 1031 263.
306 979 329 1017 l.
353 991 388 1018 2.
411 975 633 1029 Στρατιᾶς)
657 976 718 1017 Sic
739 989 887 1017 omnes.
908 977 993 1030 Ego
1017 977 1169 1017 mallem
1193 993 1312 1032 στρομ,

33 1030 152 1072 τείας.
167 1031 324 1071 SOLAN.

86 1080 349 1137 ihidff'Aneae)
362 1083 533 1124 Athenas
548 1083 776 1136 intelligere,
792 1096 880 1123 cum
897 1080 1000 1124 ἔλα-τυ
1020 1085 1208 1134 audimus,
1222 1099 1312 1136 pro-

37 1138 139 1179 clive
152 1139 216 1178 est.
230 1138 300 1178 Sed
314 1151 415 1191 quae
428 1139 473 1177 de
486 1136 596 1177 cursu
613 1138 871 1189 navigationis
884 1138 1015 1178 deinde
1028 1138 1156 1184 habet,
1170 1139 1236 1178 ubi
1247 1139 1313 1179 Ci-

31 1192 177 1237 liciam,
192 1192 464 1245 Pamphylium
480 1191 603 1230 finum
623 1191 771 1244 aliaque
783 1193 977 1239 nominat,
996 1192 1047 1244 (c.
1060 1193 1105 1245 7)
1126 1204 1168 1232 ut
1187 1193 1313 1238 Athee⁴

33 1258 106 1286 nae
120 1246 390 1300 intelligantur,
404 1245 557 1284 minime
570 1246 777 1296 patiuntur.
792 1244 901 1296 Quid
917 1246 1035 1298 ergo?
1049 1247 1207 1289 SOLAN.

87 1303 162 1339 ead.
175 1301 199 1339 l.
214 1315 250 1351 9.
265 1298 490 1352 Ἐκὺμοιινον)
509 1299 622 1351 Angl.
641 1300 866 1349 ἑποίμαινον.
881 1299 1055 1339 Eoum).

86 1354 168 1392 ibid.
191 1353 450 1406 Μεσοκοίλων)
474 1352 549 1393 Hic
568 1353 669 1392 deest
692 1357 734 1392 τὸ
763 1350 918 1406 ἄραντες
951 1353 1219 1408 participium,
1241 1365 1309 1401 aut

33 1407 128 1461 quid
141 1406 273 1447 simile.
284 1406 457 1448 GUYET.

87 1462 166 1500 ibid.
178 1460 428 1514 Ἀπέιρειντες)
449 1461 491 1499 In
507 1459 616 1513 impr.
639 1459 679 1499 δι
701 1460 827 1500 Schol.
846 1459 976 1513 ἀκάρὶἶ.
998 1461 1042 1500 In
1062 1462 1117 1501 M.
1139 1461 1267 1515 ἀκαρὶ,
1286 1476 1312 1503 a

35 1515 249 1556 recentiore
270 1528 399 1555 manu.
414 1515 459 1553 In
473 1514 517 1555 L.
534 1527 633 1553 vero
658 1514 760 1554 recie
780 1516 1007 1566 ἀπαρὰντες.
1023 1515 1201 1555 Vorstius
1215 1529 1312 1555 con-

36 1570 180 1609 iecerat
201 1569 372 1622 ἀράντες.
393 1569 550 1608 SOLAN.
565 1568 727 1621 Arripui
742 1568 946 1621 leQionem
968 1568 1016 1607 ab
1037 1569 1183 1608 Solano
1202 1578 1315 1609 com-¹

37 1624 253 1663 mendatam
265 1653 278 1672 ‚
298 1634 459 1663 accentu
473 1631 620 1661 tantum
635 1632 784 1661 mutato
796 1653 808 1668 ‚
820 1635 936 1674 quem
951 1622 988 1661 in
1004 1634 1098 1662 nota
1112 1622 1242 1663 Solani
1255 1631 1315 1662 taa

37 1690 128 1717 men
143 1677 328 1717 intaclum
343 1676 502 1728 reliqui,
519 1675 586 1716 ets1
605 1685 662 1714 ter
676 1676 714 1714 in
729 1677 865 1716 eodem
889 1676 1071 1716 aberrarit
1081 1691 1093 1724 3
1111 1689 1196 1716 nam
1212 1678 1250 1716 δι
1270 1678 1313 1717 in

2 1732 13 1741 ‘
37 1732 70 1771 1.
97 1730 316 1784 ἀπειράντες
338 1728 593 1781 adscripscrat.
620 1728 740 1769 Recie
765 1741 893 1770 autem
914 1729 1100 1782 Guyetus
1123 1732 1313 1772 divin-arat

39 1784 162 1826 deeffe
181 1785 435 1838 participium.
453 1783 603 1823 Rmz.

93 1842 169 1878 ead.
184 1840 207 1878 l.
228 1852 284 1878 ιο.
300 1839 595 1890 Προεστείλαμεν
609 1838 625 1890 )
640 1837 772 1876 Malim
786 1838 1121 1889 προσεστείλαμεν.
1138 1838 1308 1880 GUYET.

41 1895 369 1945 Προσεστείλαμεν
390 1891 571 1932 Vorstius
593 1892 634 1931 &
659 1892 701 1930 L.
727 1891 913 1931 Kusterus
932 1894 1134 1932 emendare
1158 1894 1314 1944 iubent„

42 1946 182 2001 quibus
193 1946 403 1998 obsequor.
418 1946 462 1985 ln
477 1945 532 1984 M.
546 1945 587 1985 δι
602 1945 782 1996 impreffis
796 1950 1101 1997 προεστεέλαμεν.
1117 1946 1276 1986 SOLAN.
1314 1944 1317 1945 ⁷

95 2004 172 2040 ead.
189 2001 212 2040 l.
229 2015 287 2049 14.
302 1997 435 2053 Αὐτῷ)
450 1999 612 2052 Corrige
625 1996 735 2039 αὐτὸ.
751 2000 919 2039 GUYET.
939 1999 1091 2052 (Quod
1111 2000 1246 2041 scilicet
1259 2000 1318 2045 fe-7

42 2053 102 2100 ci,
115 2055 228 2094 etiam
252 2065 360 2101 ante,
375 2067 489 2106 quam
507 2052 660 2105 Guyeti
672 2054 979 2093 emendationem
996 2054 1130 2094 videre
1143 2056 1314 2108 contigit.

0 2131 1 2139 ι
43 2108 210 2161 REITz.)
227 2105 322 2147 Αὐτὸ
337 2108 459 2154 recle,
474 2107 531 2146 uti
544 2108 760 2147 coniecerat
773 2108 814 2146 L.
829 2107 979 2146 Kuster.
994 2108 1092 2146 Cod.
1106 2108 1148 2148 L.
1167 2111 1210 2149 V.
1226 2123 1258 2148 2.
1272 2109 1315 2150 &

43 2162 91 2202 B.
108 2177 142 2202 2.
156 2162 199 2201 In
210 2161 366 2214 reliquis
379 2160 560 2213 impreffis
575 2160 616 2200 &
630 2162 683 2199 M.
701 2160 802 2213 ipso,
822 2158 934 2211 αὐτῷ.
948 2161 1107 2200 SOLAN.

102 2217 196 2268 Pag.
212 2217 299 2264 264.
316 2217 340 2255 l.
355 2229 390 2257 2.
411 2212 620 2267 Εὖτυχεῖς)
635 2214 770 2267 Quam
794 2213 1010 2255 felicitatem
1030 2216 1090 2255 hic
1113 2216 1297 2269 intelligat
1305 2227 1319 2266 „¹

48 2269 187 2309 nescio.
203 2270 341 2323 Neque
358 2269 448 2309 huic
460 2268 648 2319 opusculo
661 2269 873 2308 enarrando
887 2270 1043 2308 eandem
1066 2282 1088 2309 a
1110 2270 1222 2309 nobis
1235 2271 1317 2310 dili-

46 2325 214 2376 gentiam
227 2353 239 2370 ,
253 2337 368 2376 quam
382 2324 419 2362 in
434 2324 547 2362 huius
558 2322 724 2362 aucloris
741 2323 866 2361 bonae
879 2334 995 2362 notae
1008 2322 1149 2375 scriptis
1162 2323 1318 2364 adhibe-

37 2391 89 2417 rre
101 2376 288 2424 solemus,
309 2377 543 2430 exspeeiato.
556 2376 714 2415 Sol-AN.
731 2377 879 2428 Nempe
892 2377 1041 2429 respicit
1061 2379 1107 2415 ad
1120 2376 1253 2416 foedus
1270 2378 1319 2417 il-

19 2437 29 2446 ‘
46 2430 113 2471 lud
123 2431 413 2471 Atheniensium
429 2430 676 2470 &sociorum
690 2443 778 2470 cum
793 2429 930 2478 Persis,
950 2431 996 2470 de
1013 2444 1093 2482 quo
1107 2430 1225 2471 Diod.
1238 2432 1315 2471 Sic.

46 2497 122 2533 ⁴12,
133 2499 181 2536 4,
195 2499 232 2541 p.
249 2499 320 2541 293
336 2485 380 2526 Β.
394 2497 475 2540 quo
491 2494 647 2526 cautum
659 2483 732 2535 est,
743 2484 844 2537 μηδὲ
857 2483 942 2527 ναῦν
958 2486 1106 2537 μακρὰν
1122 2483 1317 2540 (Περσῶν)
