1730 3326
196 208 299 255 IN
365 204 1112 252 ALEXANDRUM.
1198 222 1287 271 435

36 295 181 353 'gefrido
194 299 372 349 Bayero‚
388 296 513 336 amico
527 297 675 345 veteri,
698 297 738 337 δι
757 295 1002 335 barbararum
1022 297 1133 334 etiam
1148 295 1295 348 lingua-

36 366 121 392 rum
137 351 358 405 peritiffimo
375 352 485 390 viro:
507 351 572 403 qui
586 349 686 389 forte
703 350 740 388 in
761 350 840 395 his,
857 349 898 387 ἃ
918 348 1124 400 Scythicae
1144 349 1295 400 linguae

33 406 134 458 apud
150 404 440 457 Aristophanem
461 403 627 456 aliosque
649 403 814 454 reliquiis
836 403 958 449 videt,
982 403 1028 441 de
1049 415 1131 453 quo
1152 403 1231 441 aliis
1248 416 1295 442 ne

32 458 243 500 hariolandi
255 458 405 510 quidem
427 458 572 496 initium
591 455 654 495 est.
668 456 814 495 Verum
829 486 838 503 ‚
854 455 1008 508 quando
1029 455 1091 494 hic
1105 454 1187 494 sum
1200 485 1213 501 ‚
1227 468 1295 495 ne-

36 525 112 564 que
125 511 212 550 illud
226 510 525 550 diffimulandum
539 541 549 555 ,
564 509 667 562 quod
691 510 764 548 iam
789 508 954 561 {equitur
967 508 1165 547 oraculum
1179 539 1191 554 ‚
1211 522 1295 559 per·

31 565 211 604 sonarum
226 565 441 603 nominibus
456 565 507 602 ita
520 562 728 602 distinctum
742 592 753 610 ‚
770 563 889 600 videri
906 561 1110 600 cohaerere
1122 561 1295 614 superio-

33 619 92 664 ri,
110 619 213 671 quod
236 617 465 669 invCalypso
482 616 585 655 finit:
605 615 704 655 forte
726 615 866 654 librarii
889 615 1048 653 alicuius
1067 628 1198 654 errore
1219 616 1295 654 huc

33 671 211 717 relatum,
229 684 317 711 cum
335 671 449 723 paulo
462 680 549 709 ante
564 668 738 708 omiffum
753 667 853 708 esset.
870 667 1168 720 GESN.Vestigia
1179 681 1296 721 quae-

32 725 118 763 dam
138 725 286 776 linguae
308 724 507 776 Scythicae
528 724 606 761 vid.
620 724 656 761 in
672 722 873 762 Wachteri
892 721 1082 762 Gloffario
1097 721 1298 761 Germani.

32 791 95 818 co.
112 778 187 817 Vel
210 780 247 816 in
271 778 470 831 specimine
490 778 572 817 eius
596 790 644 816 ex
668 776 852 827 ampliore
875 774 1064 828 farragine
1086 775 1296 828 decerpto,

32 832 137 884 quod
151 832 287 884 prodiit
310 830 458 884 Lipsiae
478 844 538 870 an.
555 844 665 880 1727.
687 830 818 882 [bique
839 830 877 868 in
898 828 1014 882 praef.
1037 829 1053 878 §
1074 829 1181 868 XIV.
1198 831 1295 868 Mori

33 888 169 937 marusa
182 898 284 925 mare
298 896 493 924 mortuum
505 915 515 931 ‚
531 884 636 936 quod
649 899 720 922 mor
736 884 781 922 iis
793 893 873 922 erat
886 899 974 921 mare
984 913 993 926 ,
1012 882 1052 921 &
1073 886 1193 921 mizrvv
1215 897 1296 923 mo-

34 939 88 986 ri,
106 941 198 978 morl<
212 951 314 978 mors
325 969 335 987 ,
350 938 467 991 (unde
480 937 602 978 forsan
613 937 771 988 μορφεὺς
786 936 824 976 &
838 936 958 989 mors.)
973 936 1044 976 Sed
1058 936 1167 987 plura
1184 937 1297 976 rima-

31 993 65 1032 ri
80 1005 146 1044 per
169 1004 320 1046 tempus
337 1005 415 1031 non
439 993 545 1039 licet·‚
568 992 660 1044 quia
676 1002 754 1029 non
770 988 927 1030 confido
949 990 1080 1029 omnia
1101 990 1295 1041 explanari

33 1045 154 1098 posse:
172 1056 318 1086 tantum
334 1057 463 1085 tamen
477 1044 601 1085 forsan
612 1055 813 1097 appareret
825 1074 833 1089 ,
850 1044 966 1082 credo
976 1073 987 1091 ,
1003 1054 1167 1082 mortem
1181 1044 1294 1083 alicui

30 1099 192 1152 praedici
214 1101 287 1139 hoc
304 1100 494 1147 carmine,
518 1110 588 1137 nec
613 1098 721 1150 plane
735 1097 971 1150 desperarem
991 1109 1038 1135 ex
1060 1096 1204 1137 Perfica
1222 1097 1294 1136 lin·

32 1165 110 1206 gua
121 1152 162 1192 δι
172 1152 387 1193 Cimbricae
399 1153 565 1205 reliquiis
577 1152 755 1204 pleraque
768 1163 916 1190 eruere.
930 1150 1077 1189 REITz.

85 1207 204 1259 Pag.1
219 1221 231 1245 1
243 1207 308 1246 1.l.
328 1201 672 1257 ι.”Αλλως)“Ὀλως.
688 1204 801 1257 Angl.
814 1201 930 1253 ἄλλῳ.
945 1205 1117 1243 BouRD.

37 1271 39 1275 ⁴
85 1264 159 1300 ead.
172 1261 196 1299 l.
209 1275 245 1310 7.
257 1258 470 1313 Προφανῶς)
484 1260 578 1299 Illud
590 1258 779 1310 προφανῶς
792 1257 1029 1297 referendum
1042 1258 1096 1298 est
1107 1258 1153 1297 ad
1165 1273 1293 1299 καιτοι-

32 1315 302 1364 σημῃνοιμένου.
327 1314 382 1353 Ita
397 1313 663 1365 obsignaverat
681 1312 849 1351 libellum
871 1312 1083 1359 Ludanus,
1108 1323 1151 1350 ut
1170 1312 1290 1351 statim

30 1379 241 1420 appareret,
255 1367 515 1408 difficillimum
537 1366 610 1406 esse
628 1365 830 1418 refignatu.
848 1365 1007 1418 Alioqui
1021 1366 1119 1405 enim
1141 1367 1293 1419 pericu-

31 1421 110 1461 lum
128 1433 229 1470 erat,
245 1434 292 1460 ne
306 1422 371 1460 illo
388 1430 524 1472 aperto
537 1452 548 1470 ‚
572 1421 611 1459 δι
624 1419 842 1472 quaestione
857 1418 1082 1470 deprehensa
1093 1450 1103 1466 ‚
1119 1432 1178 1458 res
1194 1421 1293 1460 male

31 1473 207 1528 scriptori
219 1476 381 1515 cederet.
398 1474 535 1527 Quare
551 1474 665 1513 etiam
681 1472 872 1513 noeturno
886 1473 991 1511 illum
1008 1473 1170 1511 oraculo
1190 1474 1292 1512 -iesti-

31 1539 98 1568 nat
111 1529 342 1577 Alexander,
360 1530 398 1568 in
414 1541 494 1580 quo
508 1527 758 1580 resignatione
770 1539 852 1566 non
873 1526 1063 1565 utebatur.
1074 1527 1161 1566 Vid.
1175 1527 1292 1579 paulo

29 1581 140 1636 supra
153 1595 237 1636 cap.
249 1596 312 1635 49.
325 1583 451 1623 GESN.
792 1610 810 1615 -

84 1640 159 1675 ead.
179 1637 203 1676 I.
224 1650 261 1688 9.
285 1634 634 1688 Σαβαρὲαλάχου)
658 1633 786 1672 Huius
805 1632 957 1685 quidem
979 1632 1128 1672 oraculi
1145 1633 1291 1683 myste-

30 1690 131 1729 rium
144 1690 332 1730 Lucianus
344 1702 424 1730 non
437 1690 577 1742 aperit;
593 1687 652 1727 sed
668 1687 767 1726 haud
778 1686 979 1726 difficulter
994 1686 1133 1740 affequi
1148 1688 1182 1725 id
1194 1701 1289 1727 cona

31 1743 178 1784 ie&ura
198 1742 414 1797 possumus:
435 1756 455 1782 a
480 1742 592 1781 servo
614 1741 713 1780 enim
739 1741 875 1780 iterum
896 1741 1094 1793 deceptum
1119 1740 1290 1781 Alexan·

30 1797 142 1837 drum
164 1797 361 1845 existimo,
378 1797 443 1850 qui
456 1796 535 1835 heri
549 1794 646 1835 iuffu
667 1794 774 1847 quasi
793 1795 935 1833 invitus
949 1795 1106 1840 dixerit,
1131 1809 1291 1847 quaere·

31 1864 74 1891 re
88 1852 285 1891 dominum
297 1880 309 1899 ,
325 1864 372 1891 an
387 1851 488 1890 Attis
501 1850 600 1889 idem
615 1848 730 1888 fuerit
745 1861 830 1888 cum
847 1861 935 1900 rege
955 1848 1031 1886 alio
1048 1848 1212 1888 obscuro
1225 1850 1291 1889 Sa-

31 1897 284 1945 hardalacho?
308 1905 488 1944 Solebant
508 1904 609 1943 enim
632 1901 774 1942 curiofi
792 1902 831 1941 &
848 1901 1090 1953 superstitiofi
1112 1902 1290 1942 homines

30 1959 122 1999 tales
134 1958 438 2013 quaestiunculas
451 1957 631 2003 oraculo,
642 1967 685 1995 ut
700 1957 738 1995 in
754 1956 1062 2009 praecedentibus
1075 1955 1195 1995 visum
1211 1958 1264 1996 est
1276 1986 1288 2004 ‚

0 2002 2 2064 l
29 2025 259 2068 proponere.
273 2013 350 2052 Vel
367 2012 518 2052 securus
538 2012 612 2051 iam
628 2009 860 2056 Alexander,
879 2011 1060 2062 quidquid
1077 2010 1114 2048 in
1127 2010 1289 2050 buccam

0 2065 4 2176 ι
31 2079 210 2114 venerat,
228 2065 447 2115 effutiebat;
463 2066 567 2119 quod
588 2066 634 2104 de
656 2077 706 2104 eo
728 2065 803 2103 iam
817 2077 839 2103 a
854 2065 1026 2103 Luciano
1040 2063 1093 2103 est
1110 2063 1290 2105 observa-

33 2131 126 2161 tum.
146 2121 303 2161 SOLAN.

0 2177 3 2214 Ι
37 2196 41 2205 .
85 2177 158 2215 ead.
170 2176 192 2213 l.
206 2189 265 2228 13.
276 2174 348 2223 Ἐφ’
360 2173 377 2212 ‘o'
389 2203 399 2221 ‚
413 2189 450 2213 τι
462 2169 555 2226 ἷκε)
568 2172 818 2225 Frequentius
832 2171 871 2218 ἐφ
889 2168 915 2220 ᾧ
929 2171 1002 2211 hoc
1016 2169 1245 2223 significatu,
1263 2171 1288 2212 ἰ.

0 2218 4 2270 l
33 2241 67 2268 e.
81 2229 234 2282 quando
253 2227 451 2268 confilium
473 2227 691 2273 denotatur,
714 2238 758 2265 ut
778 2225 971 2277 Aristoph.
993 2224 1093 2264 Plun
1107 2224 1183 2277 889
1198 2256 1210 2272 ‚
1229 2225 1289 2264 ἐπ’

33 2281 172 2335 ἀγαθῷ
186 2279 312 2325 οὖὸενί.
326 2280 464 2321 Noster
475 2281 575 2334 supr.
595 2282 769 2320 Hermot.
784 2292 817 2319 c.
836 2293 900 2329 50,
916 2275 979 2317 οὔκ
993 2279 1053 2316 ἐπ’
1067 2278 1201 2332 ἀγαθῷ
1212 2278 1290 2329 ἐξε.

33 2335 240 2377 ληλυθιῖναι.
253 2335 376 2376 Dion.
388 2334 476 2374 Hal.
491 2335 584 2374 Ant.
601 2336 637 2374 X
648 2365 657 2378 ,
673 2346 755 2386 pag.
771 2333 864 2387 638,
882 2347 948 2384 19,
963 2332 1218 2373 cuvio-moenai
1232 2346 1288 2371 τι-

35 2402 102 2429 νας
115 2412 159 2420 -
170 2389 234 2429 ἐπὶ
246 2389 458 2429 καταλύσει
470 2388 536 2427 τοῦ
548 2386 678 2438 ssimi),
696 2388 794 2427 Idem
814 2387 908 2433 Vll,
925 2399 1008 2438 pag.
1023 2399 1116 2437 473,
1131 2400 1194 2439 39,
1207 2386 1287 2424 Ἐπὶ

31 2443 189 2504 τιμωρζᾳ
209 2443 375 2483 θανάτου
387 2441 594 2495 παραὸοὑς.
607 2443 754 2493 Evang.
768 2441 904 2480 Matth.
918 2439 1057 2479 XXVI
1068 2470 1077 2484 ,
1097 2453 1156 2490 50,
1169 2438 1290 2477 Ἑταῖ-

0 2472 7 2576 l.
34 2502 72 2550 pt
86 2497 136 2547 ἐφ’
151 2501 178 2548 ᾡ
200 2497 414 2551 πάρειςῑὼί
427 2508 554 2537 tamen
572 2496 746 2539 nonnulli
766 2495 888 2536 Codd.
902 2494 1040 2533 habent
1054 2494 1105 2543 ἐφ’
1120 2493 1158 2543 ἰ’ῖ,
1171 2506 1287 2547 quam

0 2583 7 2611 li

0 2616 7 2659 i}

924 2548 1044 2587 Eez
