1730 3326
81 188 185 236 ΙΝ
247 189 364 236 DE
431 186 1134 235 SALTATIONE.
1181 203 1291 254 477

18 289 96 342 pro
106 274 185 317 eise
197 276 359 328 vulgato
373 276 465 328 legit
481 271 1100 335 01s2.M.01s÷v.Legendqmoas2
1115 274 1282 329 γοῦνκαὶ

20 332 57 370 ἐν
69 329 215 370 ἐκείνοις
235 329 485 379 ἐπαινούμενοι
504 330 577 368 &c.
602 330 624 368 i.
640 341 672 367 e.
694 328 779 380 Qui
802 330 933 380 itaque
953 329 990 367 in
1012 330 1082 369 hac
1097 341 1176 369 arte
1199 331 1282 370 lau-

21 384 174 430 dantur,
190 395 239 422 eo
254 383 413 422 nomine
428 382 582 434 reliquis
597 381 782 434 praestare
801 381 1077 430 existimantur,
1090 385 1194 436 quod
1208 386 1285 426 ἃς.

19 435 189 476 intactus
202 435 311 475 locus
324 435 398 483 est,
413 448 484 474 nec
497 436 585 473 mibi
599 448 681 474 mea
695 448 719 472 v
723 436 803 473 alde
817 435 979 486 placent.
1003 435 1200 475 Proferam
1219 439 1283 477 alii

22 490 193 528 meliora.
212 489 352 528 Forsan
365 490 477 528 satius
490 488 599 527 fuerit
614 488 737 540 legere
749 485 829 527 lise.
851 488 1007 527 SOLAN.
1031 488 1132 528 Puto
1147 490 1283 530 dedisse

23 543 235 582 Lucianum
245 543 357 587 εὶωθε,
371 543 478 593 quod
493 542 646 580 deinde
641 553 736 580 inter
746 540 946 580 dictantem
961 552 1077 593 atque
1090 544 1283 594 excipien-

22 608 98 636 tem
117 594 241 636 indiae
252 595 416 635 tranfiffe
428 596 563 647 potuit.
575 595 712 634 Certe
705 607 755 634 ita
767 595 1033 646 interpretatus
1044 594 1135 634 sum.
1151 596 1282 637 Grsx.

22 649 119 688 Illud
130 644 209 688 eise
223 648 571 698 certeintolerabile
581 649 747 694 videtur,
758 647 818 687 sed
831 648 922 699 quia
935 649 1050 687 variis
1066 650 1187 688 modis
1201 662 1284 689 cor-

22 703 92 754 rigi
114 701 260 755 potest,
281 703 322 742 ὅ(
336 715 456 755 aeque
478 703 516 741 in
542 699 620 741 olle
637 724 682 731 —
698 702 895 764 ἑποιινοιμε
900 716 970 748 vot,
989 715 1033 741 ac
1058 702 1096 740 in
1114 701 1158 741 ai
1173 702 1279 742 Σὲ-

25 770 119 801 ενοιι,
132 768 266 808 aeque,
284 757 461 808 inquam,
472 756 508 794 in
523 755 633 801 εἰωθε,
647 767 764 807 quam
779 755 817 793 in
833 770 851 793 n
849 754 910 793 Σὲ
922 756 1082 800 mutari,
1095 755 1179 795 ideo
1191 756 1284 796 nihil

23 820 155 857 muto,
171 810 258 862 quia
279 810 464 849 incertum
485 807 560 856 est,
578 809 666 862 quid
681 809 869 847 Lucianus
889 809 1096 861 reliquerit.
1122 809 1282 849 Gesneri

23 863 135 909 emes,
146 863 337 916 optimum
351 864 561 923 videretur.
575 862 602 901 s1
616 875 702 902 cum
718 861 956 911 ἓποιινουμενη
975 861 1060 901 satis
1079 864 1285 903 commode

21 916 227 955 cohaerere
248 915 380 968 poffet.
406 916 482 956 Etsi
503 917 602 955 enim
629 916 716 955 alias
736 915 980 968 participium
1003 929 1073 968 pro
1093 915 1285 956 infinitivo

22 968 225 1017 usitatum,
248 983 336 1010 cum
358 971 433 1010 hoc
453 970 577 1010 xerbo
595 970 631 1008 id
648 968 786 1009 Noster
798 968 926 1008 saltem
940 970 1114 1010 adhibere
1129 983 1207 1010 non
1223 969 1287 1010 so-

23 1023 88 1063 let.
109 1023 258 1062 Rmrz.

76 1080 149 1115 ead.
164 1079 186 1116 l.
200 1090 236 1127 7.
252 1076 337 1126 T&
323 1077 473 1116 εοικένοιι
495 1075 573 1116 τοῖς
598 1074 850 1125 ὑποκειμένοις
869 1075 1102 1128 προσώποις)
1126 1076 1289 1116 Benedi-

23 1129 122 1177 ἂιιε,
134 1144 174 1170 ut
184 1131 342 1184 propos
303 1142 360 1169 tts
369 1130 519 1183 perfimis
530 1132 618 1182 gestu
631 1129 834 1191 respondeat.
857 1128 1106 1182 Obsopoeus‚
1125 1142 1161 1169 ut
1171 1132 1287 1183 perso·

25 1184 80 1223 nis
96 1184 275 1236 inscenam
289 1185 482 1224 mtroduerzs
488 1183 640 1235 saltator
646 1199 708 1235 per
718 1184 830 1222 omnia
838 1185 926 1236 gestu
938 1183 1139 1234 respondeat.
1152 1186 1205 1223 At
1214 1197 1287 1224 nec

21 1238 61 1276 id
77 1239 151 1290 agit
166 1238 366 1284 Lucianus,
387 1248 429 1277 ut
441 1237 626 1283 ostendat,
644 1237 679 1275 id
693 1238 807 1276 etiam
820 1237 858 1275 in
872 1236 1114 1277 saltatoribus
1126 1238 1287 1287 laudari,

25 1292 152 1344 quod'
145 1305 182 1330 in
194 1304 348 1344 quaque
361 1304 401 1331 re
413 1291 605 1337 laudatur,
622 1304 662 1330 ut
675 1291 838 1343 pletura,
849 1290 1039 1330 caelatura
1048 1291 1120 1331 &a
1130 1303 1173 1331 ut
1183 1305 1288 1332 nem-

24 1358 74 1397 pe
86 1344 309 1398 respodeant
325 1344 493 1397 personis
508 1344 728 1405 propositis,
745 1343 804 1383 sed
820 1357 927 1383 mens
943 1345 1023 1383 eius
1036 1345 1107 1393 est,
1122 1358 1287 1407 eamque

25 1399 64 1438 in
76 1399 359 1461 interpretando
374 1401 424 1438 sic
438 1412 653 1461 exprimere
665 1399 890 1438 debuerant:
906 1398 1021 1437 Novit
1030 1399 1114 1437 enim
1130 1398 1213 1451 (n.
1198 1401 1292 1438 υπὸ.

24 1453 161 1504 uptote)
176 1453 242 1504 se
230 1468 265 1492 m
283 1453 353 1491 illis
371 1454 478 1505 magis
496 1453 629 1491 laudari
650 1468 709 1498 eo,
731 1452 949 1504 quodsimzlis
963 1453 1065 1505 plane
1068 1454 1106 1502 s
1106 1464 1118 1487 t
1130 1453 1288 1504 subith's

20 1506 184 1560 personis.
210 1506 364 1554 Innuit,
383 1508 463 1545 vim
485 1503 707 1556 ὑποκρίσεως
723 1518 889 1544 maxime
909 1507 1034 1545 curari
1054 1506 1094 1544 δι
1108 1507 1290 1546 valerem

27 1560 104 1600 istis
117 1559 373 1606 saltatoribus,
387 1574 474 1600 cum
487 1573 568 1600 non
584 1561 633 1598 ita
649 1559 894 1612 pulchritudo
908 1559 1038 1598 eiusin
1051 1559 1132 1598 aliis
1145 1560 1289 1600 artibus

25 1612 229 1654 exseratur.
246 1614 392 1654 GRON.
405 1613 486 1662 Τῷ’
476 1628 564 1654 eosne
567 1628 644 1660 vxi,
658 1614 693 1652 id
707 1612 772 1660 est,
787 1611 922 1665 quasi'
908 1627 942 1651 εν
958 1611 1046 1651 vel'
1036 1627 1098 1651 επι
1112 1613 1166 1663 τῷ
1178 1614 1271 1653 ἐοικέ
1273 1636 1290 1643 -

30 1682 104 1715 ναι,
118 1671 211 1713 dum,
226 1668 288 1707 vel
301 1680 487 1720 propterea,
502 1670 625 1720 quodt
604 1667 759 1718 fmilesse
769 1679 898 1719 gerant.
912 1665 974 1705 Sic
984 1666 1196 1706 Herodian.
1212 1667 1288 1715 III,

33 1735 71 1767 1,
89 1734 121 1772 5,
136 1721 189 1771 τῷ
200 1721 253 1770 μὴ
275 1721 383 1773 ἔχειν
403 1721 708 1771 μισθοφόρους,ι
675 1722 742 1772 fiq
744 1722 849 1758 uidem
861 1720 1076 1759 mercenarios
1088 1721 1209 1785 milites
1222 1737 1290 1761 non

28 1775 159 1814 habent.
179 1774 289 1814 Plura
303 1774 430 1814 sunnia
449 1775 533 1814 dedi
545 1774 647 1814 alibi.
669 1737 777 1814 Adqde
790 1773 976 1813 &Abdie
994 1786 1028 1813 c.
1049 1787 1081 1826 5,
1101 1771 1138 1814 οὗ
1155 1774 1209 1825 τῷ
1225 1791 1289 1826 μι-

27 1829 102 1869 σεῖν
116 1828 192 1879 ἐμέ.
218 1828 365 1868 ΚΕιτΖ.

83 1885 157 1922 ead.
177 1882 201 1920 l.
217 1897 254 1936 9.
279 1883 317 1919 Ἀ
319 1881 494 1934 ριστέων)
519 1881 613 1920 Non
632 1879 718 1920 satis
731 1879 938 1932 affequitur
957 1893 1036 1920 una
1058 1893 1139 1920 vox
1154 1882 1289 1922 Latina

29 1935 124 1984 vim,
138 1949 236 1989 quae
255 1935 418 1975 subiecta
430 1935 481 1975 est
495 1949 572 1974 τοις
589 1935 794 1986 ἀριστευσι.
819 1934 915 1974 Sunt
936 1936 1054 1981 enim,
1069 1935 1135 1987 qui
1150 1936 1293 1988 insigne

0 2015 1 2023 ι
28 1990 70 2030 δι
83 1991 251 2030 eminens
266 1988 496 2029 fortitudinis
514 1989 790 2028 documentum
803 1989 972 2034 edidere,
995 1990 1102 2051 quod
1117 1991 1292 2041 praemio

0 2063 2 2080 ÷
30 2044 186 2096 dignum
200 2043 300 2095 leges
314 2043 496 2089 iudicant,
510 2043 576 2095 qui
589 2055 668 2082 non
684 2045 758 2081 bene
773 2053 939 2088 tantum,
956 2041 1016 2082 led
1029 2044 1163 2094 optime,
1185 2057 1294 2083 corn-

32 2098 229 2151 paratione
240 2097 421 2143 aliorum,
439 2096 627 2148 gefferunt
639 2095 829 2149 rempubl.
847 2071 980 2134 Latilia
992 2096 1294 2137 declamatorum

32 2151 159 2191 schola
171 2149 281 2201 fimes
299 2163 414 2190 vocat
435 2150 664 2203 simpliciter,
685 2161 749 2189 aut
759 2148 957 2201 fhrtiterfi
948 2150 1018 2202 iffe
1037 2151 1138 2190 dicit.
1162 2150 1294 2191 GnsN.

88 2207 163 2243 ead.
175 2204 199 2243 l.
217 2205 276 2244 16.
288 2203 349 2256 O)
366 2205 423 2243 Ita
437 2206 508 2244 W.
525 2203 644 2244 solus:
659 2204 857 2256 vulgatam
872 2203 1175 2256 quilequuntur,
1181 2205 1296 2257 solum

35 2269 189 2298 vertant
211 2257 354 2298 neceffe
372 2258 435 2298 est.
461 2258 546 2319 Qui
563 2260 698 2297 eundem
719 2269 898 2307 vertunt,
916 2258 969 2296 ita
986 2259 1127 2311 legant,
1146 2261 1203 2298 uti
1226 2271 1299 2298 nos

34 2311 243 2358 scribimus,
259 2311 287 2351 fi
301 2312 453 2352 Graece
470 2313 603 2352 iciunt.
627 2312 785 2352 SOLAN.

90 2367 323 2419 Pag.160.l.
341 2380 372 2418 5.
385 2356 550 2419 Qvod)
577 2365 633 2404 Ex
645 2366 806 2405 Pindaro
819 2365 945 2411 habet,
958 2365 1056 2405 inter
1070 2366 1180 2405 cuius
1198 2365 1301 2418 frag-¹

37 2431 166 2459 menta
179 2420 343 2471 reperies
359 2433 442 2472 pag.
460 2434 532 2472 493
551 2420 666 2472 paulo
684 2422 790 2459 aliter
801 2418 1001 2479 scriptum:
1029 2420 1179 2459 Ποντίου
1192 2423 1298 2471 “anper

36 2473 163 2527 χρωτὶ
187 2473 376 2515 Manem
396 2477 468 2517 νόον
488 2475 692 2528 προσ-φέρων
706 2475 862 2517 Πάσσας
876 2484 1070 2516 πολιεσσιν
1087 2473 1218 2526 ὁμιλεῖ.
1240 2473 1299 2514 Ex
