1730 3326
351 191 442 255 ςω
552 191 1417 242 ANNOTATIONES

346 279 496 318 στεύειν
508 280 584 333 χρὴ
597 280 669 319 -ῐὶ
684 281 859 322 ἀπιστεῖν
874 280 1013 332 ὁμοίως·
1025 281 1155 334 μακρᾷ
1166 282 1243 335 ’γὰρ
1259 281 1552 331 ἀσφαλέστατον
1565 281 1612 329 73,

350 332 525 372 τοιοῦτον.
541 333 681 372 REITZ.

403 389 477 425 ead.
490 387 514 425 l.
531 400 543 424 1
555 400 586 425 1.
599 387 777 437 Ἀριθμὶς)
794 387 855 427 Sic
869 388 1058 428 Horatius
1073 409 1118 418 —
1131 390 1211 427 Nos
1223 403 1380 428 numerus
1387 389 1523 441 sumus.
1536 389 1614 435 Eu01

350 437 456 491 ripid.
469 443 524 490 Τρ.
538 441 626 489 476.
642 440 800 480 δοιΑΝ.

407 495 481 530 ead.
499 494 522 531 l.
541 507 598 540 14.
619 492 769 532 Ἀληθῶς
792 493 1017 546 χαρακτὴρ)
1038 493 1102 533 An
1123 492 1275 542 ἀληθής
1295 495 1464 536 GUYET.
1487 495 1616 536 Poffes

354 545 506 596 quidem
522 559 608 585 cum
625 546 721 598 Guy
729 559 793 586 eto
805 548 940 587 ἀληθὴς
951 547 1088 600 legere.
1100 547 1171 588 Sed
1184 549 1395 588 mutatione
1410 550 1500 588 nihil
1513 561 1616 602 opus

354 596 423 638 est:
442 611 528 638 nam
542 599 569 637 si
584 599 683 639 reeie
702 601 835 640 dicitur
855 598 873 640 n‘i
891 601 990 640 πάνυ
1005 603 1122 651 τρυφὴ
1135 630 1145 647 ,
1168 600 1234 641 τῆς
1248 601 1354 654 ‹ii->etv
1372 605 1616 653 φιλονεικίας,

355 651 396 690 &
408 652 526 692 multa
538 652 686 699 similia,
699 666 798 707 quae
811 654 885 694 hoc
895 653 1064 706 Dialogo
1077 655 1150 693 iam
1163 669 1184 693 v
1192 655 1346 703 idimus3
1361 669 1428 695 cur
1441 655 1456 694 ὁ
1471 655 1614 696 ἀληθῶς

356 708 558 758 χαρακτὴρ
573 720 730 759 quoque
745 720 824 746 non
842 709 1004 755 dicatur,
1019 720 1140 760 aeque
1155 720 1198 747 ac
1212 708 1345 748 Latine
1356 738 1367 755 ‚
1386 710 1442 762 qui
1455 725 1548 755 vere,
1559 709 1617 748 vel

354 775 468 798 revera
484 762 525 812 est
540 763 717 809 chambla,
729 760 866 801 causae
881 761 973 799 nihil
986 762 1113 800 video.
1129 759 1309 814 Cumque
1327 758 1373 802 ὦς
1392 761 1534 802 άληθῶς
1543 760 1618 811 μή·

356 826 422 863 της
439 814 625 867 άῇΐιηῑίἰίει
640 816 702 853 vel
715 815 854 854 Lexica
869 815 1028 853 habeant
1040 843 1050 861 ‚
1064 814 1106 854 &
1119 814 1229 867 supra
1241 817 1354 854 etiam
1369 817 1407 854 in
1424 816 1502 856 lud.
1513 817 1619 857 Voc.

360 865 375 915 ς
398 879 409 904 1
427 879 455 910 ι,
471 869 497 905 εἰ,
512 869 692 920 γλώσσης
705 868 846 907 ἀληθῶς
859 869 1002 917 νόσημα
1015 867 1110 915 ταῦ,
1123 869 1212 907 nihil
1226 868 1286 908 hic
1301 869 1339 908 in
1353 869 1520 910 Luciano
1531 883 1620 909 mu-

356 921 516 958 taverim
528 950 538 967 ‚
556 922 623 959 etsi
639 923 774 961 ἀληθὴς
789 922 940 961 mollius
955 923 1197 974 procederet,
1214 923 1253 961 δι
1269 923 1403 963 melius
1416 921 1620 977 responde-⁴

356 985 414 1013 ret
428 975 479 1022 τῷ
496 974 681 1025 ἀλλότριοι
693 1006 701 1018 ,
721 975 827 1028 quod
842 975 944 1015 illico
959 975 1338 1027 oppoununkmz.

411 1028 488 1065 ibid.
504 1028 729 1082 Xoepoen‘t‘ng‘)
745 1028 969 1081 Χαρακτῆρα
990 1028 1063 1068 effe
1082 1041 1218 1075 notam,
1237 1030 1414 1081 imaginem
1429 1030 1622 1083 impreff‘am

360 1081 424 1120 vel
439 1081 658 1134 influlptam,
678 1085 751 1123 hoc
772 1083 930 1122 Luciani
951 1083 1060 1130 loco,
1075 1083 1229 1136 alioque
1249 1096 1342 1123 mox
1356 1097 1389 1123 c.
1410 1098 1462 1131 44
1482 1096 1625 1123 occur-

358 1146 466 1174 rente
478 1164 488 1181 ,
504 1139 596 1174 item
609 1148 657 1174 ex
672 1136 828 1175 Philone
840 1168 850 1184 ‚
866 1136 1070 1177 Aristotele
1083 1168 1094 1186 ‚
1111 1136 1283 1189 aliisque,
1301 1149 1432 1177 monet
1448 1137 1523 1178 lac.
1540 1135 1623 1183 Elsff

359 1201 439 1227 ner.
454 1189 500 1227 ad
515 1190 632 1228 Hebr.
650 1190 688 1236 1,
709 1205 742 1229 2.
761 1190 910 1229 RmTz.

413 1242 502 1294 Pag.
520 1256 604 1294 302.
621 1243 643 1281 l.
663 1257 694 1283 1.
710 1244 872 1297 Αἰσχίω)
885 1244 946 1283 Ad
959 1243 1069 1296 θηρία.
1083 1242 1256 1284 refertur.
1271 1244 1439 1285 GUYET.

412 1296 490 1333 ibid.
506 1296 637 1348 Θηρίων
651 1319 695 1326 -
709 1296 1058 1350 Συσκληέονίστων)
1072 1297 1208 1337 Simias
1220 1299 1387 1351 intelligi,
1401 1298 1493 1338 illud
1510 1298 1624 1339 maxi·

360 1362 422 1388 me
434 1348 561 1388 suadet
573 1381 584 1397 ‚
597 1351 704 1402 quod
715 1351 904 1391 Lucianus
919 1350 1052 1402 ἀποφρ.
1068 1364 1149 1403 cap.
1170 1364 1217 1400 ¹7
1229 1352 1303 1391 hoc
1316 1352 1454 1392 animal
1465 1353 1561 1392 inter
1575 1365 1624 1392 ea

359 1401 498 1449 refert,
511 1403 652 1456 quibus
675 1417 786 1444 mane
804 1404 1014 1457 conspeffis
1037 1406 1210 1444 homines
1231 1415 1422 1454 metuant,
1439 1417 1623 1459 tanquam

360 1454 433 1495 ὑπὸ
449 1456 584 1509 muniz&
602 1457 655 1506 τῷ
674 1461 806 1511 πρώτῳ
822 1459 885 1498 καὶ
906 1454 1090 1507 δυσφήμῳ
1114 1457 1400 1509 κληὲονίσματι.
1422 1459 1627 1500 Audacior

360 1511 498 1563 aliquis
513 1510 614 1550 forte
629 1524 678 1550 ex
695 1513 769 1552 hoc
782 1511 861 1564 ipso
875 1512 965 1552 loco
978 1510 1220 1562 ὀνομασθῆναι
1237 1514 1374 1552 mutari
1385 1513 1478 1553 velit
1495 1515 1532 1553 in
1544 1513 1626 1564 ὅρα-

359 1563 478 1604 edm.
490 1564 561 1604 Sed
574 1578 698 1617 neque
711 1567 908 1606 nominare
922 1564 1072 1606 infausti
1085 1566 1227 1606 ominis
1240 1579 1299 1606 res
1311 1567 1418 1612 licet,
1433 1578 1475 1607 ut
1489 1567 1626 1621 lupum

360 1618 434 1657 &e
449 1618 633 1658 Ceterum
647 1621 694 1658 ad
708 1621 803 1659 hanc
815 1620 1042 1660 matutinam
1053 1618 1334 1660 deformitatem
1346 1621 1534 1660 obieetam
1548 1634 1628 1660 mu-

361 1671 519 1711 lieribus
541 1674 704 1725 pertinet
724 1674 970 1728 popularium
997 1687 1173 1713 meorum
1196 1675 1445 1726 proverbium
1460 1703 1471 1722 ,
1491 1675 1630 1727 serenos

363 1726 432 1764 dies
445 1727 567 1779 vesperi
579 1757 589 1775 ,
602 1743 698 1766 mane
710 1740 820 1766 autem
825 1727 997 1779 fhrmosbs
1011 1728 1069 1779 ff
1082 1729 1287 1766 laudandos.
1302 1728 1431 1768 GESN.

419 1783 492 1820 ead.
508 1784 532 1818 l.
550 1795 582 1821 2.
600 1780 748 1833 Πρωΐας
761 1778 856 1833 &space
867 1804 911 1812 —
925 1781 1145 1833 suemus.)
1167 1781 1222 1820 Ex
1238 1782 1280 1821 L.
1293 1781 1347 1822 est
1363 1781 1455 1821 illud
1469 1781 1629 1833 πρωὶόις.

361 1832 406 1871 In
427 1833 607 1886 impreffis
623 1838 690 1887 πρὸ
703 1833 798 1885 μιᾶἰς
822 1835 972 1887 legitur.
988 1834 1336 1875 Δυσκληὸωνίστων
1351 1847 1478 1874 autem
1498 1848 1546 1874 ex
1558 1837 1633 1876 W.
1678 1865 1683 1870 -

364 1888 408 1928 &
436 1891 520 1927 Ven.
543 1900 718 1941 utraque.
740 1889 897 1928 SOLAN.
925 1889 1016 1928 Non
1039 1889 1207 1927 dubitavi
1229 1888 1424 1941 vulgatam
1448 1889 1604 1929 reiicere
1615 1919 1631 1938 ,

364 1953 455 1981 cum
467 1942 545 1982 duo
557 1942 680 1983 Codd.
692 1943 889 1983 meliorem
901 1942 941 1982 &
954 1942 1160 1994 planiorem
1175 1941 1378 1982 leffionem
1389 1942 1631 1990 exhiberent,

365 1995 456 2035 dum
471 1995 598 2036 Solam
621 1997 683 2036 vel
704 2010 786 2037 uno
804 1996 903 2036 Cod.
925 1995 1018 2036 teste
1034 1996 1071 2034 id
1091 1995 1232 2035 faeium
1249 1996 1395 2035 voluit:
1415 1995 1632 2036 versionem

365 2049 498 2102 itaque
520 2049 687 2090 similiter
708 2064 730 2090 a
754 2064 816 2090 me
837 2061 1021 2090 mutatam
1043 2050 1143 2089 haud
1165 2049 1305 2090 sinistre
1323 2050 1636 2104 interpretabitur

368 2101 526 2144 Gesner.
541 2105 606 2157 qui
621 2117 669 2144 ex
691 2105 849 2157 vulgata
864 2106 932 2156 πρὸ
945 2102 1038 2155 μιᾶς
1054 2100 1148 2154 ὥροις
1164 2104 1332 2152 dederat,
1345 2116 1423 2143 ante
1436 2105 1552 2143 horam
1563 2104 1637 2156 pri-

369 2172 458 2196 mam
468 2173 484 2205 ,·
499 2171 568 2198 nec
583 2169 733 2211 poterat
745 2159 864 2198 aliter.
877 2159 1027 2198 Verum
1041 2157 1107 2197 etsi
1118 2158 1192 2210 μία
1204 2170 1276 2211 pro
1287 2158 1414 2209 πρώτη
1426 2158 1514 2197 alibi
1526 2158 1636 2202 invef

370 2211 512 2260 niarur,
527 2213 625 2265 apud
639 2212 794 2252 Lucian.
807 2211 980 2251 nondum
996 2210 1218 2251 observavi.
1232 2212 1376 2250 Rtirz.

423 2269 497 2306 ead.
510 2267 534 2304 l.
546 2280 583 2315 7.
597 2269 663 2305 Τὸν
678 2261 849 2318 timinam)
865 2267 971 2305 Haec
982 2295 993 2311 ,
1010 2278 1052 2305 ut
1073 2265 1194 2304 multa
1207 2265 1280 2304 alia
1291 2295 1302 2311 ‚
1323 2266 1362 2304 in
1378 2266 1454 2305 hoc
1468 2263 1636 2316 opuscu-¹

370 2319 411 2358 10
425 2331 498 2358 nec
515 2320 602 2358 sana
613 2318 799 2368 existimo,
816 2332 888 2359 nec
901 2320 1028 2372 digna,
1043 2319 1180 2372 quibus
1191 2318 1391 2371 operosam
1410 2319 1543 2358 faciam
1557 2331 1640 2358 me-

371 2373 548 2412 dicinam.
562 2373 631 2413 Sed
644 2386 715 2425 pro
729 2374 848 2425 κάρον,
870 2373 966 2423 κάρα.
979 2373 1182 2426 legendum
1197 2372 1381 2413 existimo.
1397 2373 1554 2413 SOLAN.

428 2430 501 2465 cad.
519 2429 542 2466 l.
558 2441 615 2476 17.
632 2426 863 2480 Ἐρυθαὶνειν)
878 2426 937 2466 Sic
957 2425 1131 2466 scribitur
1147 2428 1187 2466 &
1202 2439 1294 2466 mox
1309 2440 1342 2467 c.
1357 2441 1404 2475 41
1425 2425 1557 2466 versus
1570 2425 1640 2468 flua

372 2480 440 2519 ubi
453 2481 491 2522 ὃς
504 2480 581 2535 ipsa
595 2482 650 2522 Fr.
663 2493 753 2523 cum
767 2481 835 2522 rel.
849 2480 1090 2534 {foeminum
1103 2480 1235 2531 haben
1251 2493 1331 2521 non
1341 2479 1447 2535 ἑρυθρ.
1459 2480 1605 2522 Run-
