1730 3326
416 197 505 240 144
715 180 1363 232 LUCIANI

410 298 456 326 το
477 274 537 326 νῧν
560 278 579 325 ὁ
604 271 792 348 ἡμέτερος
806 275 939 342 λογος
958 273 1232 348 ὃιεὲερχεται,
1250 302 1397 351 παρεις
1413 293 1458 332 το
1438 275 1674 370 θερμαῦ-

413 354 600 423 στ’ριξειν,
619 375 695 403 και
715 350 882 422 ’γέρανον
903 354 1134 424 ὁρχεισθαι
1146 391 1157 407 ,
1172 353 1249 405 καὶ
1265 353 1324 406 τα
1343 356 1498 411 ἄλλα,
1517 358 1572 415 ὡς
1588 382 1691 426 pan-¹

412 418 472 478 dev
491 451 537 490 τη
558 428 617 478 νῧν
637 450 765 493 ταυτη
784 424 841 478 ἔτι
861 451 1131 498 προσηκοντα.
1150 421 1239 480 ouda
1255 451 1346 497 ’γαρ
1362 433 1480 482 ἐκεῖνο
1493 456 1539 482 το
1557 430 1673 504 Φρυ-

413 524 506 568 γιον
525 527 595 562 της
621 503 829 573 ὀρχήσεως
851 501 1024 560 εἶδος,
988 527 1032 555 το
1057 509 1256 576 παροίνιον
1278 529 1357 557 και
1386 505 1672 575 συμποτικον.

412 601 529 648 μετα
546 575 669 647 μεθης
689 600 956 647 γιγνομενον,
988 585 1196 651 αγροικων
1220 582 1445 640 πολλάκις
1465 605 1566 654 προς
1589 606 1670 634 αυ-
1697 598 1699 602 “

411 668 540 723 λημα
571 676 802 719 ’γυναικειον
829 652 1103 726 ὀρχουμένων,
1133 654 1304 727 σφοὸρα
1327 681 1403 709 και
1434 680 1673 730 καματηρα

411 729 559 824 πηδημ
562 753 674 784 ατα,
695 752 771 780 και
792 754 852 782 νυν
877 727 934 781 ἔτι
953 753 1049 788 ταις
1068 736 1328 820 αγροικιαις
1328 734 1669 798 ἐπιπολάζοντα,

411 809 485 857 ὑπ’
514 811 691 870 ἀγνοίας
717 803 976 897 παρέλιπον,
1008 811 1118 858 ἀλλ’
1144 831 1202 857 οτι
1230 800 1356 876 μηδεν
1380 810 1524 861 ταῦτα
1541 814 1591 875 τῇ
1611 810 1673 862 νῧν

410 881 576 952 ὀρχησει
596 904 777 933 κοινωνει.
801 905 877 932 και
904 903 997 946 ’γαρ
1020 885 1038 932 ὁ
1062 883 1292 935 Πλάτων
1282 906 1318 935 εν
1337 908 1419 943 τοις
1437 885 1590 953 νόμοις,
1612 909 1673 938 τα

410 955 485 1025 μέν
504 980 598 1008 τινα
615 957 718 1018 εὶὸη
709 979 866 1009 επαινει
886 956 1038 1018 ταύτης
1050 996 1060 1012 ,
1079 982 1139 1010 τα
1155 950 1200 1010 δε
1213 983 1326 1011 πανυ
1346 963 1547 1024 ἀπαξιοι,
1565 962 1674 1014 διαι-

410 1058 484 1106 ρων
506 1030 627 1119 αὐτα
638 1030 676 1092 ἒς
692 1056 736 1085 τε
750 1058 796 1086 το
811 1057 973 1106 τερπνον
991 1057 1069 1086 και
1085 1058 1130 1085 το
1144 1058 1360 1107 χρησιμον,
1375 1060 1452 1088 και
1466 1035 1673 1089 ἀπελαυ-

411 1133 480 1162 νων
510 1133 646 1160 αυτων
670 1133 731 1160 τα
756 1108 1128 1197 ἀσχημονέστερα,
1152 1135 1361 1182 προτιμων
1385 1104 1430 1164 d}
1452 1136 1528 1164 και
1551 1112 1676 1166 θαυ-

328 1204 382 1254 35
409 1186 555 1255 μαξων
573 1186 762 1258 &oe-repa.
784 1187 876 1237 Και
890 1209 980 1258 περι
996 1209 1072 1256 μεν
1093 1187 1218 1248 αὐτης
1234 1194 1441 1259 ὀρχησεως
1458 1211 1668 1241 τοο-αντα.

410 1287 455 1314 το
476 1284 567 1328 ’γαρ
587 1261 736 1312 πάντα
755 1261 967 1323 ὲπεξιοντα
984 1285 1172 1330 μηκυνειν
1191 1287 1255 1315 τον
1271 1264 1426 1327 λογον,
1441 1265 1674 1336 ἀπειροκαο

409 1351 497 1389 λον.
531 1344 564 1386 α
585 1330 691 1387 δε
655 1361 717 1389 τον
747 1332 946 1408 ὀρχηστήν
973 1335 1094 1388 αὐτον
1119 1336 1226 1401 ἒχειν
1248 1362 1329 1411 χρη
1344 1377 1354 1393 ,
1376 1363 1452 1391 και
1482 1364 1596 1399 οπως
1615 1342 1682 1393 dez

409 1412 659 1473 {ymno-San,
686 1436 764 1464 και
793 1415 827 1464 ἕο
853 1410 1171 1484 μεμαθηκέναι,
1201 1438 1278 1466 και
1310 1425 1367 1473 οἱς
1400 1438 1604 1487 κρατυνειν
1628 1441 1674 1471 το

408 1549 607 1604 pervenit,
639 1549 732 1589 haec
763 1562 867 1588 nunc
899 1549 1028 1589 oratio
1060 1548 1192 1589 nostra
1221 1548 1482 1604 persequitur,
1514 1551 1678 1602 omisso,

407 1611 501 1664 quid
523 1609 567 1650 s1t
585 1609 899 1661 Thermaystrida
917 1610 982 1650 vel
1004 1623 1137 1663 gruem
1156 1610 1310 1660 saltare,
1330 1612 1372 1652 ὅτ
1389 1612 1560 1665 reliqua,
1576 1627 1677 1666 quae

408 1672 504 1712 nihil
522 1673 595 1711 iam
612 1671 657 1710 ad
678 1671 898 1712 hodiernam
919 1672 1142 1726 pertineant.
1164 1672 1303 1726 Neque
1325 1674 1428 1713 enim
1453 1673 1545 1714 illud
1557 1673 1678 1728 Phry-

347 1775 352 1784 ,
408 1735 514 1788 gium
542 1735 749 1775 saltationis
775 1748 919 1788 genus,
946 1734 1191 1775 vinolentum
1217 1735 1310 1775 illud
1340 1735 1383 1776 δι
1412 1735 1453 1774 in
1476 1735 1676 1777 ebriorum

408 1799 605 1840 conviviis
627 1800 797 1839 exerceri
827 1798 1004 1848 solitum,
1030 1798 1258 1839 rusticorum
1287 1798 1398 1852 saepe
1424 1798 1472 1838 ad
1500 1799 1677 1841 tibicinae

409 1873 564 1903 cantum
598 1860 810 1902 saltantium
840 1860 955 1901 saltus
982 1860 1231 1900 vehementes
1261 1859 1303 1900 &
1334 1859 1576 1910 laboriosos,
1608 1861 1676 1914 qui

410 1937 516 1964 nunc
541 1923 664 1964 adhuc
688 1924 785 1963 inter
809 1922 972 1963 rusticos
999 1921 1313 1976 frequentantur,
1338 1921 1551 1975 ignorantia
1578 1935 1678 1975 qua-

410 1986 497 2025 dam
517 1984 774 2038 praetermifi3
798 1998 936 2025 verum
959 1984 1065 2038 quod
1084 1983 1177 2024 haec
1195 1984 1282 2036 talia
1303 1983 1396 2023 nihil
1415 1997 1506 2024 cum
1527 1984 1681 2025 hodier-

410 2060 459 2088 na
482 2047 678 2087 saltatione
701 2060 910 2088 commune
937 2046 1090 2086 habent.
1121 2046 1273 2086 Etenim
1299 2045 1411 2086 Plato
1442 2047 1483 2086 in
1504 2046 1678 2100 legibus,

410 2112 596 2165 quaedam
619 2111 732 2150 huius
758 2124 897 2164 genera
915 2110 1061 2156 laudat,
1087 2109 1275 2162 quaedam
1293 2121 1391 2150 vero
1412 2109 1523 2163 plane
1541 2109 1682 2160 reiicit,

410 2173 585 2213 dividens
617 2173 677 2212 illa
704 2173 783 2226 ipsa
812 2174 850 2212 in
882 2171 1170 2212 delekiationem
1208 2171 1249 2211 δι
1283 2172 1510 2219 utilitatem,
1543 2171 1586 2212 &
1617 2185 1680 2213 re-

413 2250 579 2277 movens
608 2237 696 2277 inde
723 2237 927 2284 indecora,
958 2235 1173 2290 praeferens
1201 2247 1329 2276 autem
1357 2237 1399 2277 δι
1425 2236 1679 2277 admiratione

413 2299 647 2354 prosequens
669 2299 796 2339 altera.
824 2300 884 2339 Ac
906 2300 952 2339 de
971 2298 1168 2339 saltatione
1192 2297 1270 2351 ipsa
1295 2308 1455 2338 tantum.
1485 2288 1679 2339 Omnibus

413 2365 512 2403 enim
546 2363 813 2417 persequendis
839 2364 1054 2416 producere
1083 2363 1323 2410 orationem,
1349 2361 1522 2415 ineptum
1551 2361 1678 2402 fuerit.

415 2426 533 2478 Quae
558 2439 657 2466 vero
683 2425 900 2465 saltatorem
927 2424 1052 2478 ipsum
1081 2424 1219 2464 habere
1249 2433 1454 2477 oporteat,
1476 2424 1680 2477 quomodo

413 2488 644 2530 exercitatus
663 2487 737 2533 effe
763 2487 919 2536 debeat,
938 2487 980 2527 δε
1002 2499 1102 2540 quae
1125 2484 1305 2537 didicisse,
1331 2486 1372 2526 δι
1394 2485 1538 2540 quibus
1561 2484 1680 2526 rebus
