1730 3326
414 236 506 280 442
610 219 1486 270 ANNOTATIONES

412 309 606 349 ἐπαινέσει
620 307 745 362 elxam
762 322 862 362 quae
876 309 1025 349 locutio
1038 310 1131 350 nihil
1146 324 1234 351 cum
1251 311 1321 351 hac
1333 325 1537 352 commune
1551 312 1677 355 habet:

413 361 497 401 Illic
509 364 608 402 enim
622 364 741 409 valet,
755 364 839 416 quid
847 366 950 415 potest
961 364 1114 409 laudare,
1126 365 1208 416 quid
1219 366 1331 411 habet,
1342 368 1432 418 quod
1443 367 1554 405 laudet
1564 369 1584 406 ?
1598 368 1677 408 Hic

412 413 501 466 ἔχει
515 416 696 463 abundat,
711 416 785 456 illic
797 417 1006 456 infinitivus
1018 415 1086 463 est,
1103 417 1160 457 hic
1177 419 1431 471 participium.
1444 419 1552 459 Alter
1566 421 1676 460 locus

413 469 543 516 habet,
563 468 604 508 ἕιι
617 483 670 520 γε
686 469 758 508 τῶν
773 474 1061 520 πολιτευμάτων
1075 469 1195 510 αὐτῶν
1207 469 1314 524 εἶχον
1330 472 1551 522 θαυμάσαις,
1571 472 1678 525 isque

414 523 551 562 melius
565 522 766 576 respondet
779 523 875 562 huic.
892 524 1040 562 Verum
1055 523 1118 563 ille
1132 524 1372 577 pleonasmus
1387 525 1482 565 adeo
1496 525 1549 565 est
1562 525 1679 565 usita-

417 588 495 623 tus,
510 578 600 616 utin
616 577 796 616 omnibus
811 575 890 616 fere
903 575 1136 626 auctoribus,
1146 590 1310 630 excepto
1322 578 1370 617 N.
1381 578 1429 618 T.
1441 580 1677 621 inveniatur.

415 630 477 669 Sic
497 629 649 670 Hefiod.
662 631 761 681 ’Ep-y.
778 643 828 677 42
839 661 850 678 ,
874 630 1092 682 Κρὺψοιντες
1105 632 1188 682 γὰρ
1201 630 1336 684 ἔχουσι
1357 631 1438 670 Θεοὶ
1462 633 1535 677 βίον
1550 632 1677 682 ἀνθρώ-

417 698 540 723 ποισι.
565 682 760 736 Aristoph.
779 682 898 734 ληρεῖς
912 683 1012 735 ἔχων
1022 713 1036 730 ‚
1058 684 1099 723 δι
1121 683 1249 724 similia
1260 716 1271 732 ,
1299 697 1399 735 quae
1420 685 1496 726 vid.
1515 685 1677 726 colle&

418 738 518 789 apud
537 737 784 776 Maittairium
799 737 844 776 de
858 736 1036 776 Dialeat.
1049 751 1084 790 p.
1098 750 1149 789 79
1162 737 1208 777 C.
1235 738 1279 778 Et
1298 737 1519 779 Commeat.
1531 739 1679 780 Aristo·

416 791 564 844 phanis.
581 790 627 830 Et
639 790 676 829 in
687 790 831 830 Budaei
843 789 1061 830 Comment.
1083 791 1230 831 Rtrrz.

469 844 561 895 Pag.
584 857 597 883 1
611 858 668 896 19.
681 844 705 881 l.
720 858 757 892 4.
769 842 954 896 Τιμωρῖὖν)
970 844 1084 896 Angl.
1097 844 1238 889 βοηθῶν.
1256 845 1430 885 BOURD.

470 900 544 936 ead.
556 899 579 937 l.
594 911 631 949 7.
645 896 724 936 Τοῖς
736 895 958 950 ἐντυχοῦσι)
975 896 1090 938 Conf.
1104 897 1213 951 supra
1227 911 1260 939 c.
1272 913 1335 948 47.
1352 900 1509 939 Some.

421 985 1679 1000 ———————o—————-

517 1034 618 1079 IN
686 1033 803 1079 DE
870 1031 1579 1079 SALTATIONE.

474 1115 564 1168 Pag.
582 1127 668 1154 120.
680 1115 703 1152 Ι.
719 1127 754 1167 9.
776 1112 1018 1166 Κατηγορῶν)
1033 1112 1272 1165 Ἀποστερῶν.
1285 1113 1474 1154 MAch..
1499 1115 1684 1155 Emenda-

420 1167 527 1208 tione
542 1169 631 1207 nihil
645 1180 757 1220 opus,
771 1168 915 1219 optime
929 1166 963 1206 se
977 1167 1068 1206 haec
1081 1167 1230 1207 habent.
1241 1166 1398 1207 SOLAN.
1414 1169 1577 1209 Marcilii
1588 1182 1683 1210 con-

420 1221 582 1268 maura,
601 1220 816 1272 ἀποστερῶν
832 1219 1110 1267 substituentis,
1129 1222 1166 1260 ei
1181 1220 1305 1261 forsan
1318 1222 1595 1269 adblandietur‚
1612 1223 1680 1276 qui

421 1275 519 1314 male
533 1274 790 1314 construxerit
810 1277 967 1313 ‹teau-thu
979 1274 1207 1327 κατηγορῶν.
1232 1275 1292 1314 Ne
1308 1276 1423 1328 igitur
1435 1275 1562 1329 postea
1583 1277 1681 1318 idem

420 1329 566 1368 accidat
580 1329 775 1380 cuiquam,
795 1326 1070 1367 distinffionem
1089 1329 1230 1380 alioqui
1242 1341 1320 1368 non
1335 1330 1430 1369 adeo
1445 1329 1683 1371 neceffariam

419 1382 507 1435 post
519 1386 672 1422 σεαυτόν
689 1382 824 1427 addidi,
844 1392 887 1419 ut
900 1393 979 1420 non
994 1381 1151 1420 haesites
1161 1383 1392 1435 coniungere
1402 1383 1556 1423 λέληθας
1569 1397 1685 1423 σεαυ-

421 1439 499 1481 τὸν,
512 1436 534 1474 i.
550 1449 582 1476 e.
596 1436 747 1488 teipsum
759 1435 882 1474 oblitus
893 1450 942 1480 es,
958 1446 1002 1474 ut
1015 1435 1170 1487 Belgice
1183 1436 1340 1476 dicimus
1350 1467 1362 1484 ‚
1380 1436 1458 1476 sive
1471 1450 1501 1476 te
1514 1437 1687 1490 ipfiamse-

412 1489 528 1541 fellisti
538 1519 548 1535 ‚
567 1489 643 1536 vel,
659 1489 684 1528 fi
704 1489 842 1535 mavis,
853 1489 1073 1542 imprudenter
1076 1489 1187 1542 ficisti
1198 1521 1208 1537 ,
1220 1490 1386 1541 accufims
1401 1491 1489 1530 hanc
1501 1492 1685 1532 maximam

421 1545 637 1597 voluptatem.
658 1544 734 1582 Vel
754 1543 898 1595 potius,
916 1542 1082 1594 nesciebas
1093 1543 1176 1596 ipse,
1188 1543 1272 1596 quid
1274 1543 1425 1596 faceres:
1442 1545 1571 1584 omnia
1583 1546 1686 1584 enim

422 1598 518 1637 haec
544 1596 747 1650 significat,
766 1595 807 1638 &
820 1595 956 1636 eodem
974 1595 1051 1636 sere
1071 1598 1188 1646 redit,
1208 1598 1404 1650 quodnam
1425 1597 1595 1651 elegeris.
1623 1598 1686 1638 Sic

422 1652 524 1691 enim
545 1652 584 1691 &
599 1648 678 1691 οὗθ’
690 1648 827 1690 αὐτοὺς
848 1647 945 1699 ἧμοῖς
959 1650 1182 1701 λανθάνομεν
1194 1650 1227 1690 ἐν
1239 1651 1367 1705 λόγοις
1389 1650 1545 1692 ἀτόποις
1561 1665 1688 1706 ’γεγο-

423 1704 526 1745 νότες
538 1718 585 1744 ex
596 1704 800 1745 Plutarcho
815 1705 878 1743 vel
892 1704 1168 1757 Lexicographi
1180 1703 1356 1745 afferunt.
1368 1704 1546 1745 Cuiadde
1562 1703 1688 1746 λήσεις

424 1758 892 1810 ἀπολούμενος,ἱνηρνιιάεω
899 1758 1035 1810 peribis,
1043 1771 1089 1798 ex
1101 1759 1307 1798 Herodian.
1317 1758 1351 1805 Ι,
1362 1772 1402 1808 9,
1418 1772 1474 1798 ιο.
1483 1759 1610 1799 Immo
1621 1771 1689 1812 po-

424 1813 520 1859 tius,
541 1814 646 1866 quod
659 1812 827 1865 apprime
839 1812 914 1851 huc
933 1810 1021 1851 facit
1034 1842 1046 1860 ‚
1067 1811 1265 1864 Aristoph.
1279 1812 1382 1852 Nub.
1399 1827 1490 1860 241,
1515 1812 1624 1852 Πόθεν
1645 1812 1689 1853 8⁸

424 1864 627 1918 ὑπόχρεως
635 1865 1128 1917 σεἰυτὸνὲλοιθεςγενόμενος;
1139 1865 1336 1906 &Aeliam
1348 1866 1399 1905 V.
1411 1866 1689 1917 Hist.1‚7‚b'·toev

425 1919 562 1959 αὐτοὺς
575 1921 749 1960 λαθόντες
759 1915 970 1968 ὑοσκυίιμου
982 1920 1166 1972 φέιγουσι.
1175 1919 1348 1974 Alciphr.
1362 1919 1432 1969 Ill,
1442 1933 1502 1974 ep.
1513 1935 1538 1971 7
1547 1934 1561 1960 1
1576 1919 1603 1960 f.
1617 1920 1692 1970 ιιξιν

427 1988 466 2015 τι
477 1973 642 2024 λάθωμεν
655 1973 944 2022 ἐπισφαλέντες.
970 1973 1111 2013 RHTz.

480 2029 581 2067 ead.l.
599 2041 658 2068 10.
673 2027 852 2079 Σκληρὶιν)
866 2027 1020 2067 Mordet
1033 2027 1205 2068 Stoicum
1219 2026 1403 2068 allusione
1412 2027 1459 2067 ad
1473 2027 1690 2081 generalem

427 2081 648 2123 Stoicorum
664 2080 809 2121 thesim.
827 2081 1001 2120 Boukn.

482 2138 554 2175 ead.
565 2137 587 2174 l.
610 2148 665 2187 13.
681 2136 879 2183 Φιλοσοφίᾳ
893 2157 937 2164 -
950 2134 1140 2187 ὁμιλικὼς)
1154 2134 1262 2175 Haec
1273 2133 1414 2187 phrasis
1425 2134 1690 2187 philosophiae

428 2189 603 2232 studiosis
623 2190 797 2242 propria:
818 2201 905 2228 nam
927 2187 1102 2237 ὁμιληταὶ
1125 2187 1312 2241 discipuli,
1336 2189 1411 2229 vid.
1433 2189 1561 2228 Liban.
1573 2189 1688 2241 Epist.
1728 2204 1730 2227 ;

432 2258 504 2296 343
520 2273 532 2289 ,
546 2244 587 2284 &
601 2244 650 2282 ibi
665 2256 686 2282 a
700 2241 856 2282 Wolfio
869 2242 932 2282 cit.
947 2243 988 2282 L.
1002 2243 1081 2282 Bos
1095 2242 1141 2280 ad
1151 2242 1226 2283 Th.
1241 2242 1410 2295 Magistr.
1423 2241 1484 2282 sed
1497 2243 1537 2282 &
1551 2244 1597 2283 de
1610 2243 1694 2284 aliis

431 2298 574 2341 studiis.
588 2298 726 2350 quibus
738 2297 822 2349 quis
836 2297 968 2335 deditus
981 2296 1049 2341 est,
1063 2308 1105 2335 ut
1116 2295 1232 2348 Epio.
1247 2296 1348 2336 Sent.
1365 2311 1400 2343 2,
1413 2296 1566 2336 ed.Rel.
1579 2309 1615 2349 p.
1625 2310 1694 2349 90,

429 2350 546 2404 ’ψυχὴ
561 2350 746 2401 ὁμιλοῦσα
756 2349 870 2402 ἀρετῖἱ
881 2349 991 2391 ἔοικεν
1001 2352 1143 2399 ἀεννίιῳ
1152 2349 1276 2401 πηγῇ.
1285 2349 1431 2390 Aelian.
1445 2365 1482 2398 2,
1493 2350 1553 2402 38,
1564 2350 1695 2403 γυναῖ-
1726 2368 1730 2390 ι

431 2419 505 2444 καις
516 2405 568 2454 μὴ
582 2403 718 2455 ὁμιλεῖν
730 2404 824 2453 οϊνῳ.
834 2403 1028 2455 Aristoph.
1039 2403 1142 2443 Nub.
1159 2417 1320 2452 1401,—
1335 2403 1470 2443 καινοῖς
1480 2403 1694 2457 πράγμασι
1726 2421 1730 2442 .-

432 2458 589 2507 ὃμιλεῖν,
601 2459 695 2497 rebus
705 2458 804 2497 novis
809 2458 944 2509 studere.
959 2459 1145 2510 Hippocr.
1160 2458 1206 2497 de
1217 2457 1300 2497 Art.
1317 2471 1354 2510 p.
1371 2457 1460 2510 589,
1470 2471 1535 2506 44,
1546 2457 1615 2496 Καὶ
1629 2453 1666 2496 οὗ
1725 2458 1730 2499 l

434 2513 552 2565 ἀρκέει
562 2511 690 2564 μοῦνον
713 2511 819 2566 λόγῳ
840 2511 978 2553 εἰδέναι
993 2514 1059 2567 τῂν
1080 2514 1220 2564 τέχνην
1240 2511 1398 2560 ταύτην,
1420 2512 1528 2551 ἀλλὰ
1543 2511 1605 2551 καὶ
1616 2509 1662 2562 ὁμ
1690 2552 1693 2554 ,
1723 2517 1730 2556 ι·
