1730 3326
349 138 1075 229 I'NAMORES
1241 190 1334 249 599

63 270 145 313 ἕεις
156 268 276 317 βολαί.
285 270 435 310 Verum
450 270 477 310 s1
493 270 592 311 rec'te
611 270 729 315 dicas,
741 270 799 308 vel
807 285 926 309 caecus
938 271 1002 310 hoc
1012 271 1138 316 videat,
1151 270 1280 323 quidni
1295 273 1336 314 δι

64 341 164 366 caeca
177 325 347 364 oculorum
359 327 448 364 acies
463 323 632 364 dicatur?
653 324 800 363 RErrZ.

120 380 212 429 Pag.
227 391 314 431 309.
333 378 356 416 l.
382 392 409 417 1.
434 378 667 429 Ἀποιντικρὺ
680 376 746 415 τοῦ
759 377 868 427 φίλου
884 376 1109 428 καθέζεσθαι
1121 406 1131 423 ,
1157 379 1222 416 mei
1235 392 1336 420 enn-

65 434 140 474 σίον
153 429 223 471 Mb
239 431 441 471 λαλοῦντος
457 431 619 483 ἀκούειν)
633 429 814 483 Respexit
826 431 870 469 ad
888 430 999 470 Oden
1015 431 1188 484 Sapphus
1203 464 1210 471 ,
1226 446 1247 471 a
1261 432 1337 473 Ca-

0 505 2 531 :
62 485 164 526 tullo
174 486 308 524 Latine
324 486 515 524 redditam.
529 486 706 524 MENAG.
725 485 825 523 Vide
839 484 1030 524 Catullum
1050 499 1085 537 p.
1105 499 1118 523 1
1132 499 1145 523 1
1157 500 1175 523 2
1188 485 1227 525 δι
1247 501 1261 525 1
1276 500 1336 540 ¹3·

64 541 255 580 Kusmz.
271 539 399 578 Immo
410 539 555 578 fontem
567 538 687 592 ipsum
702 538 825 586 adeas,
836 539 874 577 in
883 536 1015 591 fragm.
1027 538 1217 592 Sapphus,
1231 541 1335 594 apud

65 593 302 645 Longinum.
325 592 485 632 SOLAN.

120 649 194 686 ead.
220 647 244 685 l.
267 660 303 696 7.
328 647 460 699 Νόσος)
475 645 629 698 Anglic.
644 645 747 695 νόμος
767 644 1014 694 ἔνι-’ψαύσειεν
1026 641 1144 695 ati-165.
1162 647 1340 692 Eoum).-

121 701 157 739 ἱη
171 696 499 753 8οὴοί.”Αλγημοο)
515 701 651 739 Hiatus
667 699 745 745 ille,
758 700 826 751 qui
842 700 877 738 in
892 700 949 738 ed.
968 699 1068 738 Cler.
1084 699 1149 746 est,
1162 714 1240 740 non
1255 703 1337 756 sup-

65 754 193 808 pletur
205 767 255 793 ex
271 753 347 792 ulla
363 754 588 794 collatione:
609 766 728 807 quare
745 765 835 793 eum
851 753 901 793 s1c
913 753 1100 800 exhibeo,
1114 756 1265 806 qualem
1279 759 1338 802 in-⁴

36 833 49 848 l
63 809 173 852 veni.
195 807 336 847 Rn’rz.

123 863 214 915 Pag.
229 862 351 914 310.l.
371 875 403 900 1.
427 861 568 914 Κωφὴν)
593 861 657 900 An
673 860 827 908 κούφην;
854 859 1065 899 videbimus
1078 860 1116 899 in
1132 861 1341 905 Addendis.'

65 914 216 955 Rmz.
231 915 306 955 Pro
319 915 452 961 κούφην
465 914 572 961 facit,
586 916 692 968 quod
704 914 748 954 fit
762 915 962 967 epitheton
976 914 1128 953 solitum
1144 928 1153 954 :
1179 930 1252 969 pro
1264 933 1337 956 κω-

63 970 142 1020 φὴν
156 982 280 1015 vere,
304 969 412 1022 quod
438 970 778 1008 mortuidicuntur
800 968 911 1007 turba
934 967 1108 1007 filentum
1122 1000 1132 1017 ‚
1154 972 1339 1024 quodque

67 1024 166 1063 adeo
177 1033 377 1062 mortuum
387 1035 468 1062 non
483 1022 681 1075 poffumus
690 1035 843 1075 rogare,
857 1023 941 1074 quis
950 1021 1005 1060 fit.
1014 1022 1061 1060 Et
1075 1024 1164 1075 quia
1178 1025 1222 1064 de
1236 1039 1340 1064 man-

65 1077 164 1116 datis
179 1076 323 1117 ultimis
336 1077 558 1129 praemittit,
581 1077 732 1116 videtur
747 1077 790 1114 iis
804 1076 952 1128 opponi
973 1077 1208 1118 taciturnitas
1235 1092 1340 1118 mor-

67 1132 148 1178 tui3
169 1143 297 1184 eoque
311 1130 513 1183 vulgatum
527 1129 673 1170 defendi
695 1129 830 1183 potest.
855 1129 963 1169 Prius
975 1141 1104 1168 tamen
1118 1130 1196 1172 fere
1217 1134 1340 1186 magis

67 1184 223 1224 arridet.
251 1185 365 1224 IDEM
383 1187 419 1224 in
433 1185 592 1223 Addend.

123 1241 197 1278 ead.
213 1240 237 1277 l.
257 1254 293 1287 4.
316 1237 611 1291 Συνεξὲπνευσε)
636 1237 870 1278 Correxerat
884 1237 1011 1277 Solan.
1037 1238 1343 1292 συνεξέπνευσεν.“

67 1291 142 1333 Sed
156 1305 236 1332 non
255 1292 309 1331 est
332 1292 579 1333 neceffarium
592 1322 603 1341 ‚
630 1305 755 1345 neque
769 1293 972 1332 editionem
991 1293 1143 1341 inveni,
1166 1307 1267 1347 quae
1288 1296 1340 1335 fic

67 1346 217 1386 habeat.
248 1346 396 1386 Rtrrz.

123 1402 198 1439 ead.
216 1400 239 1440 l.
255 1402 292 1440 6.
306 1400 487 1449 Μεσίτην)
503 1401 604 1446 Fuit,
620 1413 708 1439 cum
723 1400 870 1449 μεσίτιν
884 1400 1047 1446 mallem,
1070 1412 1114 1439 ut
1126 1399 1279 1442 Dianae
1292 1402 1341 1442 sx-

66 1455 284 1494 mulacrum
298 1485 310 1503 ‚
334 1456 442 1507 quod
459 1466 673 1508 rapuerunt
685 1483 695 1499 ‚
712 1455 989 1506 intelligeretur
1001 1469 1013 1502 3
1027 1468 1129 1493 nunc
1151 1456 1196 1494 de
1209 1469 1343 1497 amore

68 1508 267 1561 intelligo:
291 1509 464 1549 nondum
487 1510 587 1549 enim
608 1509 654 1548 de
668 1507 821 1547 Dianae
837 1508 944 1559 figno
957 1507 1080 1547 sermo
1096 1508 1160 1547 est.
1181 1508 1341 1551 SOLAN.

123 1566 196 1602 ead.
209 1564 231 1600 l.
246 1577 283 1615 9.
305 1563 476 1614 Ὀρέστην
489 1563 720 1602 ἐλαυνούσας
737 1562 887 1615 ποινὲις)
912 1561 1072 1614 Delphis
1085 1562 1252 1603 obseffus
1267 1564 1342 1605 Fu-

68 1616 149 1663 riis,
165 1617 364 1669 Apollinis
378 1616 541 1657 consilio
556 1618 662 1656 venit
675 1616 845 1655 Athenas
859 1617 894 1654 in
910 1616 1112 1655 Minervae
1126 1617 1342 1667 delubrum,

71 1671 185 1710 cuius
197 1670 356 1710 consilio
372 1671 529 1710 vincens
547 1669 726 1710 reversus
749 1669 802 1709 est
824 1671 966 1722 Argos.
991 1672 1070 1710 Has
1090 1685 1188 1710 vero
1207 1672 1343 1713 Furias

69 1724 224 1776 placans
250 1725 412 1764 vocavit
436 1725 665 1765 Eumenidas
691 1727 790 1776 apud
811 1724 1062 1776 Aeschylum.
1096 1725 1243 1768 COGN.
1280 1728 1341 1768 Ex

69 1777 198 1818 Orest.
214 1779 342 1830 Eurip.
358 1778 585 1832 adscriptum
598 1780 634 1818 in
647 1791 768 1831 marg.
785 1780 870 1816 Ald.
889 1793 920 1816 1.
942 1779 1043 1831 lVeff.
1068 1779 1216 1820 Rmz.

123 1833 203 1872 ibid.
214 1832 463 1873 Ἐλοιυνοὺσοις
477 1833 631 1886 ποινὰς)
648 1832 741 1871 Dixi
759 1833 804 1871 ad
820 1832 970 1871 Petron.
992 1834 1165 1874 Boum).

128 1887 221 1939 Pag.
247 1901 335 1940 311.
360 1888 384 1927 l.
405 1900 436 1927 1.
454 1887 578 1938 Ἀφρον
603 1886 774 1937 ἐπέψω)
797 1887 920 1938 Ἀφρον
940 1887 975 1926 τ’
992 1888 1146 1938 απεψα.
1172 1889 1344 1931 GUYET.

72 1940 198 1992 Ἀφρὶν
209 1941 244 1979 τ’
259 1942 330 1980 ἀπ.
347 1964 393 1971 -
410 1941 540 1994 ἑτνιμ.)
564 1942 621 1980 Ex
636 1940 818 1994 Euripide
842 1940 1074 1981 restituimus
1094 1944 1253 1996 primam
1270 1958 1344 1985 vo—

71 2008 173 2041 cem,
182 1995 308 2035 minus
319 1995 421 2035 recte
433 1996 472 2034 in
487 1996 591 2035 libris
602 1995 735 2034 nostris
747 1995 949 2034 habentem
963 2009 970 2034 :
988 1995 1216 2048 postremam
1227 2000 1343 2039 etiarn

71 2049 329 2102 depravarant
342 2050 388 2088 B.
405 2064 439 2088 2.
459 2049 500 2089 δι
514 2050 559 2088 Ρ.
571 2050 740 2102 Euripid.
754 2048 872 2101 Iphig.
887 2050 1005 2089 Taur.
1020 2065 1061 2103 31
1075 2064 1106 2090 1.
1131 2052 1290 2093 SOLAN.

127 2106 203 2143 ead.
216 2104 240 2142 l.
252 2105 288 2142 6.
311 2102 426 2154 ’Υπὲρ
442 2102 631 2157 ἀλλήλων)
646 2104 702 2142 Ita
717 2103 769 2143 est
784 2103 822 2142 in
837 2103 990 2156 Quom.
1007 2104 1103 2143 Hist.
1117 2119 1150 2146 c.
1172 2121 1185 2145 1
1197 2122 1232 2154 2,
1251 2104 1344 2159 ὑπὲρ

72 2155 167 2206 ἐμοῦ
178 2156 500 2210 μονομαχοῦντα,
511 2173 575 2211 pro
587 2174 635 2197 me
644 2170 862 2210 pugnantem.
875 2157 916 2197 δέ
926 2158 1014 2197 alibi
1031 2159 1173 2211 paffim.
1188 2161 1252 2201 De
1264 2162 1346 2202 hoc

74 2211 288 2264 significatu
313 2212 601 2265 praepofitionis
622 2210 726 2264 ὑπὲρ,
742 2213 976 2264 exponendo
991 2226 1057 2265 per
1065 2230 1130 2268 pro
1145 2216 1183 2255 &
1197 2220 1346 2270 propte&

71 2266 181 2318 quod
195 2265 303 2319 saepe
315 2267 450 2306 eodem
465 2267 609 2313 recidit,
622 2267 700 2306 vid.
715 2266 823 2319 plura
838 2266 1052 2306 testimonia
1065 2270 1344 2321 producentem

73 2319 300 2360 lac.Elsner.
319 2320 367 2360 ad
381 2321 396 2359 l
413 2320 524 2371 Epist.
537 2322 583 2360 ad
603 2320 782 2361 Corinth.
793 2321 886 2369 XV,
900 2335 965 2373 29,
988 2322 1053 2361 ubi
1077 2323 1348 2377 βαπτιζόμενοι

72 2370 169 2424 ὑπὲρ
183 2373 253 2413 τῶν
265 2374 399 2427 νεκρῷν.
425 2375 565 2414 REITZ.
1328 2387 1331 2389 ⁴

112 2468 114 2471 ,
128 2432 202 2467 ead.
219 2429 242 2467 l.
253 2443 289 2477 7.
302 2431 380 2468 Τὰς
393 2428 621 2482 ἐπιστολὰς)
638 2428 700 2468 De
712 2429 799 2469 unis
811 2430 927 2469 literis
942 2429 1220 2483 accipiendum,
1234 2432 1343 2484 quasi

73 2482 123 2526 ad
134 2482 392 2534 imitationem
407 2483 535 2524 Latini
554 2484 681 2524 literae.
700 2483 758 2524 Ita
772 2483 1186 2540 apertiffimesAlciphr.
1204 2485 1238 2526 11
1247 2514 1264 2536 ,-
1276 2486 1349 2541 Ep.
1392 2527 1400 2539 ‚
