1730 3326
345 185 1048 268 INAMOIRES.
1236 234 1321 288 555

8 334 11 341 ·
53 302 175 347 Ἢλὶου
194 302 293 347 οὖσαι
309 308 349 347 ἐκ
362 306 518 359 μήνιέος
532 307 744 361 Ἀφροέίτεις
756 309 887 361 ταύρου
902 308 1194 362 ἢρέισῧη.νί(1(3τί
1211 310 1325 362 poffit

58 362 118 401 hic
136 362 380 401 vehementer
399 361 587 403 dissentire
602 362 818 402 Graeculus
842 363 968 401 noster
983 364 1028 401 ab
1052 362 1298 414 Apollodoro
1311 393 1326 410 ,

56 416 128 468 qui
150 415 354 466 Pasiphaen
374 415 473 455 Solis
492 429 539 455 ex
562 414 729 454 Perseide
750 415 865 454 filiam
880 429 958 455 non
973 417 1154 462 Veneris,
1171 415 1230 455 sed
1246 417 1326 456 Ne-

57 469 166 522 ptuni
179 468 368 517 instinctu,
385 482 535 508 taurum
552 468 743 519 deperisse,
759 470 946 508 traditlib.
963 470 1026 508 Ill.
1045 470 1235 509 Nimirum
1247 472 1328 509 Mi-

14 558 16 561 ,
55 534 129 560 nos
151 522 217 560 ubi
241 522 382 567 alium,
397 536 440 562 ac
463 521 699 574 promiserat,
712 533 864 562 taurum
883 524 1067 576 Neptuno
1084 523 1326 572 immolasset,

55 576 269 626 hpryiaozelc
295 572 402 624 αὐτῷ
424 574 627 620 Ποσειδὼν,
647 575 776 616 τοῦτον
796 576 863 626 μὲν
886 575 1098 628 ἐξηγρίωσε·
1118 578 1327 627 Πασιφάην

53 627 101 667 δὲ
114 627 223 666 ἐλθεῖν
235 628 287 667 εἰς
299 628 495 680 ἐπιθυμίαν
507 626 626 668 αὐτοῦ
649 629 863 680 mmm-sa
870 645 942 670 σεν.
960 631 1074 668 Iratus
1086 630 1114 668 ei
1127 632 1328 682 Neptunus,

53 681 149 719 illum
162 682 290 733 quidem
307 681 477 734 ffravit;
492 683 683 734 Pafiplzabtz
705 698 783 722 vero
799 698 908 722 amore
925 684 995 722 elus
1015 685 1092 734 capi
1103 715 1114 731 ‚
1129 683 1224 733 ficit.
1254 684 1327 723 Sed

53 734 163 787 quod
184 735 450 787 Apollodorus
471 745 618 782 narrat,
633 737 669 774 id
691 735 796 788 quasi
818 750 889 789 pro
911 736 1020 776 causa
1042 737 1158 776 altera
1182 736 1326 779 furoris

53 787 254 839 Pasiphaes
265 789 396 828 haberi
413 789 556 842 potest3
573 803 660 829 cum
675 790 747 828 iam
762 802 849 829 ante
861 792 996 829 Venus
1009 791 1044 828 in
1057 803 1209 829 omnem
1224 791 1326 830 Solis

54 843 277 894 progeniem
295 843 368 881 iras
379 845 507 882 animo
521 842 770 895 concepisset,
786 853 828 882 ut
842 844 973 896 reliqui
985 844 1220 882 tradiderunt
1234 846 1327 896 My-

53 895 219 948 thologi.
238 896 428 935 Nimirum
453 898 526 935 Soli
546 898 587 935 oh
606 897 765 936 indicium
785 896 1042 949 (concubitus
1063 910 1151 936 cum
1169 897 1327 950 Marte)

59 949 176 987 Venus
198 951 247 988 ad
258 951 444 1001 progeniem
467 950 674 1003 eius-semper
686 950 759 1001 suit
783 951 929 990 inimica.
945 951 1006 990 Sic
1030 952 1211 1003 Hyginus
1232 951 1326 990 Fab-

0 1016 3 1017 ⁷
47 1001 274 1042 CXLVIII.
300 1003 458 1043 Servius
474 1017 632 1057 quoque
648 1005 692 1043 acl
708 1004 1006 1056 Eclog.Virgilii
1021 1005 1078 1042 VI
1103 1018 1150 1043 ex
1163 1006 1330 1044 Veneris

52 1055 91 1094 in
107 1056 233 1095 Solem
259 1058 313 1096 ira
331 1058 432 1097 hunc
453 1057 652 1110 Pasiphaes
679 1056 850 1097 furorem
875 1059 1038 1096 derivat:
1054 1058 1151 1096 idem
1170 1057 1257 1096 facit
1280 1059 1328 1097 ad

50 1109 114 1148 lib.
138 1110 197 1149 VI
213 1111 374 1150 Aeneid.
402 1125 440 1150 v.
468 1125 537 1160 14,
561 1112 649 1159 ubi,
674 1114 787 1150 Venus
809 1114 1009 1151 vehementer
1028 1112 1157 1157 dolens,
1179 1112 1328 1163 inquit,

45 1164 179 1217 stirpem
202 1180 328 1203 omnem
354 1166 447 1204 Solis
457 1165 607 1217 persequi
627 1164 782 1215 infandis
803 1168 973 1205 amoribus
997 1167 1113 1218 coepit.
1138 1164 1325 1206 Ceterum

3 1226 6 1232 ·
53 1217 122 1255 ubi
147 1218 198 1256 ait
219 1218 502 1258 Theomnestus
532 1219 633 1271 apud
654 1219 863 1258 Lucianum
883 1220 979 1259 inter
999 1219 1091 1268 alia,
1108 1219 1143 1258 se
1159 1231 1238 1258 non
1252 1219 1327 1259 effe

49 1269 261 1317 Heliaden,
284 1273 358 1311 hoc
371 1272 443 1321 est,
460 1273 624 1323 aliquem
639 1285 687 1311 ex
701 1274 884 1325 progenie
901 1274 1000 1313 Solis
1011 1304 1022 1320 ‚
1037 1284 1079 1313 ut
1095 1284 1172 1312 tam
1192 1273 1329 1312 duram

49 1323 186 1364 sentire
208 1325 344 1364 debeat
359 1326 574 1373 Venerem3
589 1339 669 1365 non
692 1338 787 1378 puto
803 1341 890 1366 eum
906 1328 1120 1379 simpliciter
1137 1326 1328 1379 respicere

50 1379 98 1418 ad
111 1377 344 1431 Pasiphaen,
370 1378 430 1419 sed
446 1380 487 1419 &
509 1381 555 1419 ad
570 1381 732 1432 reliquas
751 1393 799 1419 ex
821 1381 910 1420 Sole
934 1382 1098 1432 genitas,
1126 1381 1327 1429 Medeam,

49 1431 210 1478 Circen,
238 1446 334 1484 quas
352 1433 480 1473 itidem
508 1433 703 1486 persecuta
724 1434 858 1474 dicitur
881 1434 989 1474 fuiffe
1003 1436 1140 1475 Venus
1154 1464 1164 1481 ,
1187 1434 1327 1486 easque

49 1486 340 1539 flagrantiffimis
370 1488 478 1526 iuxta
508 1489 550 1528 &
577 1486 830 1527 infeliciffimis
859 1490 1058 1528 amoribus
1089 1488 1327 1540 corripuifl'e.

46 1539 154 1579 IENs.
174 1540 230 1579 At
251 1554 339 1580 cum
362 1542 519 1580 Luciani
542 1540 748 1581 Scholiaste
765 1542 853 1581 facit
875 1542 1018 1582 Seneca
1039 1543 1076 1580 in
1100 1542 1256 1594 Hippol.
1279 1556 1324 1580 v.

56 1608 150 1642 124:
173 1595 317 1647 Stirpem
335 1597 452 1647 perofh
475 1596 566 1633 Solis
587 1596 692 1646 invisi
710 1597 745 1633 V
743 1610 826 1635 enus
844 1612 905 1648 per
926 1612 988 1634 nos
1009 1608 1147 1634 catenas
1168 1596 1320 1634 vindicat

50 1648 252 1699 ⁴Martissui
262 1678 275 1695 ,
283 1648 452 1702 fixasque:
465 1651 600 1701 probris
615 1665 709 1688 omne
723 1650 914 1689 Phoebeum
926 1663 1032 1702 genus
1054 1651 1185 1689 Onerat
1206 1649 1326 1702 infan-

42 1701 114 1742 dis.
130 1701 283 1742 ORTw.

104 1758 176 1794 ead.
197 1757 221 1795 l.
238 1771 273 1809 9.
296 1756 514 1807 Λημνιάέων
537 1756 631 1810 ἔρις)
654 1757 743 1810 Leg.
761 1762 915 1797 Λ-τις.
929 1758 1028 1797 Vide
1047 1757 1121 1796 Ἕτ.
1140 1764 1186 1797 Δ.
1207 1757 1330 1804 XIII,

49 1809 242 1849 Herodot.
257 1810 495 1863 Polyhymn.
516 1809 542 1850 f.
560 1811 602 1850 &
615 1811 742 1851 Schol.
758 1812 925 1864 Euripid.
948 1812 1042 1851 Hec.
1061 1811 1150 1851 886.
1163 1812 1321 1852 SOLAN.

47 1863 141 1904 Non
157 1865 416 1917 improbarem
438 1864 570 1904 Solani
594 1865 856 1905 conieciuram
879 1879 938 1904 τις
954 1879 1027 1918 pro
1054 1864 1121 1917 ἔρις
1143 1867 1326 1917 legentis,

40 1917 118 1956 -nisi
140 1918 215 1957 iam
230 1920 407 1970 proxime
428 1918 484 1957 bis
498 1918 746 1971 praeceffiffet
758 1934 828 1958 τις.
844 1918 1008 1972 Quare,
1024 1919 1052 1957 fi
1066 1919 1156 1971 quid
1174 1932 1329 1959 mutan-

48 1971 164 2018 dum,
183 1971 257 2022 εἰμὶ
283 1972 533 2022 praeferrem,
557 1985 605 2011 ex
621 1973 733 2012 cuius
758 1973 990 2025 compendio
1018 1972 1228 2024 scripturae
1251 1973 1326 2025 ἔρις

51 2024 152 2064 nasci
179 2026 320 2078 potuit.
350 2027 396 2065 Et
422 2039 656 2079 quamquam
681 2028 928 2079 repetitiones
958 2026 1325 2077 monosyllaborum

47 2076 269 2132 frequentes
281 2079 354 2120 effe
368 2093 448 2119 non
461 2081 600 2132 ignoro
611 2110 620 2126 ,
638 2081 810 2119 nondum
825 2092 952 2120 tamen
969 2080 1053 2119 satis
1069 2081 1160 2119 mihi
1175 2092 1325 2120 certum

47 2133 102 2173 est
113 2164 124 2182 ,
143 2134 184 2173 &
199 2133 260 2172 hic
273 2136 478 2187 repetitum
494 2134 540 2172 ab
554 2134 730 2173 Luciano
742 2134 816 2174 effe
828 2137 871 2173 τὸ
887 2149 959 2174 τις.
981 2134 1072 2172 Ideo
1089 2135 1180 2173 nihil
1196 2145 1327 2174 muta-

49 2188 92 2228 vi
104 2217 116 2233 ,
130 2187 300 2226 maxime
315 2201 401 2227 cum
416 2189 456 2228 δε
473 2187 666 2227 Scholiast.
682 2189 871 2228 rationem
887 2189 1016 2227 reddat
1028 2219 1038 2236 ‚
1053 2200 1123 2227 cur
1138 2187 1209 2240 ἔρις
1225 2189 1327 2241 lega-

0 2237 1 2242 ’
39 2251 124 2288 rur,
138 2241 179 2280 δι
191 2241 317 2280 versio
332 2241 490 2282 Gesneri
503 2254 661 2294 quoque
674 2242 720 2280 ad
741 2242 834 2281 id'fit
853 2243 1162 2282 accommodata.
1176 2243 1322 2282 Rmz.

0 2291 2 2347 J
39 2324 43 2329 ν
103 2298 177 2334 ead.
191 2296 213 2334 l.
232 2308 291 2344 15.
304 2298 350 2333 Τὸ
367 2295 508 2349 καλὸν)
523 2295 598 2334 Pro
617 2295 758 2336 καλῶς.
782 2295 845 2335 Sic
860 2296 1030 2348 Alciphr.
1048 2295 1064 2334 I
1079 2326 1090 2341 ‚
1112 2296 1180 2346 Ep.
1198 2297 1268 2348 36,
1283 2311 1323 2348 p.

0 2349 2 2358 ¹
48 2349 126 2388 260
136 2378 146 2395 ‚
163 2348 240 2401 ἐγὼ
252 2348 297 2387 sk
309 2349 352 2388 ἂν
360 2346 412 2399 μή
429 2363 487 2389 τις
503 2349 518 2388 ὁ
533 2348 666 2388 <schin
685 2365 720 2399 n,
732 2346 891 2390 πεινῆσω
904 2353 949 2388 τὸ
962 2350 1089 2390 καλὸν.
1103 2350 1182 2390 Ubi
1193 2351 1320 2404 Bergk.

21 2437 27 2440 .
46 2403 122 2443 hoc
136 2403 291 2443 Luciani
307 2403 455 2457 aliaque
472 2402 605 2443 similia
624 2401 747 2443 affert.
764 2404 910 2443 Rtrrz.

98 2457 191 2510 Pag.
206 2471 294 2509 259.
306 2458 328 2496 I.
344 2470 376 2495 1.
389 2456 620 2512 Koeexpoicov)
633 2457 693 2498 Sic
705 2456 806 2498 infra
818 2458 969 2512 Ἀποφρ.
985 2470 1019 2499 c.
1040 2471 1086 2498 21
1103 2456 1130 2497 f.
1144 2457 1193 2499 Et
1205 2463 1324 2512 Kpaim⁴

44 2521 130 2552 σολ.
151 2523 185 2552 c.
199 2510 429 2561 14.SOLAN.
