1730 3326
396 197 488 258 5&
588 193 1465 244 ANNOTATIONES

447 283 539 336 Pag.
553 295 642 322 200.
657 285 680 322 l.
694 282 731 322 8.
744 282 824 322 Τοῖς
834 279 907 321 ὑπο
917 282 990 322 τῶν
1003 284 1234 336 κοροπλάθων
1245 284 1296 323 εἰς
1307 283 1371 324 τὴν
1383 285 1659 338 ἀγορᾶνσνλοιτ-

396 336 582 389 τομένοις)
595 336 692 375 Sane
708 337 946 387 interpretes,
961 351 1045 389 quae
1056 353 1078 374 a
1091 337 1272 388 lutifiguHs
1286 337 1458 388 adfhrum
1465 339 1660 389 finguntur.

392 384 547 436 Nescio,
562 389 651 442 quid
661 389 789 428 velint.
805 389 878 428 Sed
887 391 1028 442 opinor
1037 390 1210 442 intelligit
1224 393 1274 429 ad
1286 393 1500 430 vendendum.
1514 391 1661 432 Giton.

450 445 524 481 ead.
542 443 567 481 l.
586 456 642 495 13.
664 441 981 494 Μετοιμανθέινων)
996 443 1132 495 'Vulgo
1147 444 1367 483 vertebatur
1389 445 1561 495 dediscere,
1582 456 1662 484 non

395 497 494 536 male
505 496 656 548 quidem
668 509 679 542 ς
694 495 754 535 sed
766 496 851 548 plus
863 496 954 535 inest
967 497 1005 534 in
1016 495 1188 536 Graeco:
1202 495 1323 549 signif.
1339 498 1437 536 enim
1453 498 1560 537 simul
1569 512 1662 538 nova

396 549 502 589 disco
511 550 706 602 prioribus
718 549 909 588 oblivioni
919 549 1118 597 mandatis,
1129 563 1170 589 ut
1179 550 1227 589 T.
1240 551 1268 597 Ι,
1279 552 1461 598 credo,ex
1470 551 1664 604 Aristoph.

393 603 491 643 Plut.
505 617 547 641 v.
559 616 651 656 925,
667 601 822 655 eiusque
837 602 1219 642 commentatoribus
1234 604 1308 641 iam
1324 605 1497 643 diximus.
1515 605 1664 645 Rrrrz.

449 659 521 695 ead.
545 657 568 695 l.
591 657 647 695 16.
671 659 734 693 Τον
750 655 853 706 μηδὲ
867 657 1042 708 βάρβαρον
1064 656 1097 696 ἐν
1120 656 1195 696 τοῖς
1217 658 1480 704 σαφεστάτοις
1503 657 1664 710 ἀριθμεῖ-

398 714 491 750 σῧοιι
506 708 628 761 ἄξιον)
656 710 725 759 Qui
738 725 840 761 neque
852 711 1030 756 barbarus,
1051 710 1136 748 inter
1146 712 1290 748 maxime
1303 711 1496 763 perspicuos
1507 712 1664 764 recenseri

398 764 520 816 dignus
525 764 587 813 fis.
609 763 670 802 sic
682 762 929 810 Benedietus,
943 764 1009 816 qui
1023 765 1112 802 dum
1125 763 1292 803 Graecas
1305 776 1425 804 voces
1436 764 1665 805 curatiffime

396 816 537 856 referre
554 816 703 868 satagit,
727 814 814 855 facit
830 815 865 854 se
880 816 1190 856 obscuriffimum.
1219 817 1430 868 Micyllus,
1453 819 1511 869 qui
1529 835 1569 858 ne
1588 835 1664 860 cum

397 870 547 910 barbaris
561 871 689 922 quidem
703 869 789 907 inter
800 868 1074 922 maniftstffmos
1087 871 1239 921 recenseri
1251 873 1371 923 dignus
1374 874 1435 922 fit.
1448 872 1565 912 Nulla
1578 886 1667 926 par-

396 936 434 963 te
455 924 602 962 melius.
626 923 727 975 Lege
745 923 950 975 βαρβάρων,
969 936 1083 975 quem
1111 925 1321 976 genitivum
1344 924 1394 964 sic
1415 923 1509 964 solet
1529 926 1666 966 auetor-

397 989 652 1031 praeponere:
675 977 731 1029 qui
743 992 847 1029 neque
856 978 941 1015 inter
950 978 1039 1024 illos,
1058 978 1169 1030 quiex
1184 978 1335 1016 barbaris
1345 980 1490 1018 maxime
1497 980 1666 1033 perspicui

390 1032 490 1084 sirm,
505 1031 658 1082 recensiri
671 1032 794 1083 dignus
798 1033 860 1082 sis.
882 1030 1028 1070 GRON.
1050 1031 1249 1070 Gronovii
1264 1032 1571 1073 emendationem
1583 1064 1596 1080 ‚
1609 1046 1668 1073 re-

397 1086 658 1138 pugnantibus
670 1085 850 1124 omnibus
862 1085 966 1124 libris
989 1085 1028 1124 δι
1047 1083 1127 1138 ipso
1150 1085 1194 1124 M
1207 1113 1219 1132 ‚
1241 1097 1379 1139 utpote
1398 1086 1639 1127 certissimam
1652 1115 1666 1137 ‚

396 1139 549 1191 sequor.
573 1138 730 1177 SOLAN.
1075 1186 1078 1189 .

454 1193 547 1242 Pag.
566 1206 653 1231 201.
667 1192 690 1229 l.
707 1205 742 1230 2.
771 1189 828 1229 Min
843 1191 1073 1244 μιμεῖσθαι)
1094 1190 1291 1244 Sophistae
1314 1191 1446 1245 paffim
1469 1205 1490 1231 a
1506 1192 1670 1235 Platone

400 1244 716 1298 perstringuntur,
737 1255 780 1283 ut
794 1245 961 1296 quodam
983 1245 1018 1283 in
1032 1245 1121 1285 loco
1142 1246 1255 1294 dicat,
1272 1258 1341 1286 eos
1355 1245 1430 1286 effe
1448 1247 1669 1288 evidentem

398 1298 669 1350 discipulorum
691 1298 910 1351 perniciem.
935 1298 1081 1338 COGN.

453 1355 527 1391 ead.
543 1352 565 1389 l.
581 1367 614 1404 3.
632 1351 872 1404 Περιεσὲπίειν)
888 1351 1194 1405 Interpretantur
1207 1352 1395 1405 depascere.-
1414 1365 1591 1394 neutrum
1599 1356 1670 1395 be-

402 1418 451 1445 ne
463 1406 642 1458 percipio.
659 1404 841 1457 Suspicor
851 1407 1038 1457 περιέπειν
1052 1405 1173 1453 fuiffe‚
1185 1409 1291 1458 quod
1308 1407 1471 1446 studium
1485 1408 1524 1447 δι
1538 1421 1669 1448 curam

402 1460 646 1499 intentiorem
670 1457 880 1511 fignificat3
907 1472 996 1498 cum
1019 1459 1128 1499 facile
1156 1459 1269 1499 fuerit
1292 1472 1412 1500 manu
1433 1462 1671 1503 intricatiore

400 1515 532 1553 aetatis
547 1513 766 1564 posterioris
781 1529 813 1551 π
825 1513 861 1551 in
879 1516 944 1552 0351
960 1513 1130 1552 tranfire.
1154 1513 1283 1554 Gtsx.
1605 1540 1609 1545 .

455 1569 530 1605 ead.
544 1568 568 1605 l.
579 1566 615 1605 8.
629 1566 780 1618 Χάρισι)
796 1566 950 1606 Hefiod.
966 1568 1004 1606 in
1021 1568 1226 1620 Theogon.
1243 1579 1318 1607 tres
1329 1566 1431 1608 facit.
1446 1568 1510 1608 De
1523 1569 1581 1608 his
1595 1569 1672 1621 hy-

402 1633 514 1660 mnus
530 1620 689 1672 Orphei.
711 1619 856 1660 CooN.
872 1621 1004 1674 Χάρισι
1021 1643 1065 1650 —-
1081 1620 1167 1673 5132)
1188 1622 1396 1661 Xenocrati
1408 1622 1560 1662 tristiori
1572 1623 1672 1663 idem

398 1675 509 1713 Plato
522 1672 652 1721 suasm
671 1674 791 1727 Diog.
807 1674 932 1714 Laert.
948 1689 999 1727 97
1015 1674 1100 1714 DE.
1113 1675 1201 1714 Vid.
1215 1674 1376 1715 Casaub.
1399 1688 1533 1716 notam
1555 1691 1591 1729 p.
1608 1677 1670 1729 38.

401 1729 462 1767 Sic
483 1726 594 1780 supra
608 1727 804 1767 Historico
827 1727 898 1767 suo
917 1729 1066 1768 dixerat
1078 1759 1091 1775 ,
1113 1729 1179 1767 noti
1190 1729 1279 1781 μόνῃ
1293 1730 1423 1770 δυτέον
1437 1731 1484 1781 τῇ
1497 1731 1672 1781 ἀληθείᾳ.

406 1787 555 1834 Συγγρ.
578 1795 609 1821 c.
626 1795 686 1834 39.
709 1780 868 1821 SOLAN.

459 1838 533 1874 ead.
546 1836 568 1875 l.
589 1848 645 1875 ιο.
660 1835 927 1889 Λαρυγγίζειν)
940 1835 991 1875 V.
1006 1835 1096 1876 AG.
1108 1835 1144 1874 X
1156 1866 1167 1884 ‚
1186 1848 1270 1888 130.
1289 1835 1448 1876 SOLAN.

460 1891 534 1928 ead.
548 1890 571 1928 l.
589 1903 647 1938 14.
672 1888 830 1942 Λεξεων)
851 1889 952 1942 Lege
966 1891 1137 1928 λεκτέων.
1160 1888 1277 1928 Certe
1298 1889 1349 1929 fic
1364 1891 1466 1930 ratio
1479 1889 1671 1942 postulare

405 1942 574 1990 videtur,
595 1955 638 1982 ut
652 1944 778 1994 primo
789 1959 854 1989 res,
870 1943 1006 1983 deinde
1019 1943 1120 1982 verba
1135 1954 1311 1983 accurate
1327 1945 1608 1997 perpendantur
1624 1947 1673 1986 ab

406 1997 468 2043 iis,
488 1998 551 2048 qui
567 1997 611 2036 ad
627 1995 861 2037 scribendum
877 1998 1046 2036 animum
1060 1996 1266 2049 appellunt.
1291 1997 1449 2037 SOLAN.

460 2052 542 2090 ibid.
555 2050 817 2103 Προπαρεσκ.)
834 2051 888 2091 Μ.
901 2050 998 2090 &B.
1014 2065 1048 2090 2.
1070 2050 1184 2090 reae.
1200 2051 1244 2090 In
1261 2051 1413 2104 reliquis
1431 2067 1675 2106 προπαρασκ.

408 2115 455 2144 ut
470 2104 546 2156 ipsa
562 2104 614 2143 Fl.
628 2117 747 2157 prave
757 2106 870 2144 etiam
884 2109 964 2156 Τυρ.
980 2117 1011 2144 c.
1026 2119 1069 2143 21
1089 2103 1230 2144 scribit.
1250 2104 1407 2144 SOLAN.
1423 2105 1536 2146 Editt.
1551 2107 1674 2160 vulgo

405 2159 508 2198 male
522 2160 965 2210 προπαρασκευασμένος·
990 2157 1050 2197 sed
1073 2172 1306 2211 προπαρεσκ.
1327 2160 1594 2211 corrigendum
1613 2173 1674 2201 re-

405 2211 466 2251 &e
481 2225 683 2251 monuerat
697 2211 840 2251 Ienfius
854 2213 900 2251 ad
915 2213 1093 2252 Hermot.
1110 2225 1142 2251 c.
1158 2227 1193 2251 2.
1213 2212 1257 2251 In
1270 2225 1353 2265 quo
1364 2212 1475 2252 facile
1487 2213 1674 2254 obsecun-

404 2266 517 2313 davi,
539 2265 606 2305 etsl
619 2266 681 2305 vel
693 2267 814 2306 decies
825 2267 911 2306 aiibi
923 2267 1021 2314 dixi,
1044 2279 1112 2306 cur
1125 2266 1162 2305 id
1177 2266 1368 2306 interdum
1379 2279 1529 2309 mutare
1541 2268 1674 2322 negle-

406 2321 540 2359 xerim.
567 2319 710 2359 Rmz.
1562 2342 1575 2349 ν

463 2374 554 2426 Pag.
579 2387 667 2413 202.
691 2375 715 2412 l.
746 2385 778 2423 5.
802 2371 854 2413 013
876 2372 1079 2425 μὰλωπα)
1105 2374 1168 2412 An
1181 2374 1427 2424 θυμάλωψ-νεα
1454 2375 1478 2413 i.
1490 2387 1523 2415 e.
1543 2388 1673 2418 torrem.

407 2427 574 2466 Gom.
593 2427 683 2466 Non
698 2427 808 2467 valde
819 2426 946 2480 spero,
962 2440 1023 2466 me
1034 2426 1175 2480 ass'equi
1188 2426 1308 2479 poffe,
1321 2428 1410 2480 quid
1424 2429 1517 2468 haec
1531 2428 1596 2468 fibi
1608 2443 1678 2469 ve·

408 2480 489 2530 lint,
503 2494 588 2521 cum
606 2482 679 2521 iam
693 2493 772 2522 tum
787 2482 910 2536 vulgo
922 2483 1175 2536 ignoraretur.
1189 2481 1373 2536 Equidem
1384 2494 1472 2523 cum
1486 2483 1585 2538 apud
1598 2484 1677 2525 He-
