1730 3326
198 214 299 259 IN
363 212 1109 259 ALEXANDRUM.
1204 230 1293 274 41¹

34 300 214 341 lexander
229 302 416 355 impostor
431 303 624 342 reddendis
638 302 802 342 oraculis
816 300 921 348 fecit,
938 313 1135 354 exponens
1148 301 1300 348 Noster,
1350 332 1353 333 γ

36 354 111 401 ait,
123 355 325 394 Ἐτὲτοικτο
338 356 382 396 δὲ
399 356 461 395 καὶ
472 359 614 406 μισθὸς
628 356 679 404 ἐφ’
691 355 840 404 ἑκάστῳ
854 354 1035 407 χρησμῷ,
1054 354 1217 408 δραχμὴ
1233 355 1300 394 καὶ

36 407 98 447 st?
117 408 241 453 ὀβολώ.
251 408 304 459 μὴ
318 412 442 462 μικρὸν
460 409 597 456 οἰηθεὶς,
618 403 645 448 (ἶὶ
664 408 805 460 ἑταῐρε,
818 409 918 458 μηθ’
930 408 1049 461 ὀλίγον
1067 407 1301 460 ’γεγενῆσθαι

36 464 99 501 τὸν
113 461 219 513 πόρον
235 461 593 516 ‘rosim-constitutum
607 475 716 501 autem
729 475 801 500 erat
817 462 852 499 δ’
868 462 1010 514 pretium
1026 476 1089 513 pro
1104 476 1298 514 unoquoque

39 516 197 562 oraculo,
212 517 372 556 drachma
393 532 468 556 cum
489 518 618 556 duobus
630 516 747 555 obolis.
763 517 821 553 Ne
834 530 980 568 parvum
994 516 1084 568 istud
1095 516 1238 566 censeas„
1253 515 1301 553 mi

28 568 179 621 sodalis,
194 570 355 622 pretium,
371 585 472 629 neque
497 572 664 622 quatstum
680 570 770 608 hunc
786 568 893 621 fitzffe
910 569 1066 619 exiguum
1083 568 1158 606 &c.
1183 581 1302 619 quem

35 621 152 661 alium
165 623 256 661 haec
272 624 391 662 verba
404 623 548 662 lensum
562 624 768 674 patiantur,
778 635 856 661 non
870 623 998 661 video.
1017 621 1303 660 Emendandum

34 674 164 728 itaque
179 675 306 726 οἰηθῇς.
321 677 428 715 IENS.
442 676 570 726 Οἰνιθῇς
587 677 627 715 L.
640 676 682 715 In
696 676 849 727 reliquis
861 689 981 729 prave
994 673 1127 714 οἰηθείς.
1143 674 1300 714 SOLAN.

88 730 162 767 ead.
181 730 205 767 l.
223 743 280 777 ¹4·
291 730 402 783 Ἀνέι)
416 731 458 769 L.
475 728 560 779 ξἰμσι
573 760 584 776 ,
599 730 705 783 quod
721 741 763 770 ut
775 743 853 769 non
872 729 1143 783 spernendum,
1158 729 1210 768 ita
1229 729 1301 767 mi-

35 794 112 821 nus
126 782 277 835 elegans
289 783 474 824 existimo.
489 783 646 823 SOLAN.

89 835 179 889 Pag.
193 836 254 876 88.
271 837 295 875 l.
314 850 344 875 1.
358 834 611 885 Ἀνανῆφοντες
626 836 643 891 )
662 836 815 876 Servari
830 847 981 888 poterat
995 835 1149 888 vulgata
1163 835 1302 886 ἀναφέ-

32 903 162 940 ροντες.
178 891 227 929 V.
243 889 344 930 Suid.
361 891 397 930 in
411 890 587 943 ἀνέφερον
607 891 666 930 sed
688 890 714 929 sl
731 890 921 929 Codicum
935 891 1049 942 copia
1063 891 1276 942 suppeteret
1287 919 1302 935 ,

37 953 118 982 non
129 943 276 990 dubito,
288 945 381 995 quin
394 943 633 993 ἀνανύφοντες
645 943 823 995 scriptum
835 944 877 983 fit
889 945 927 983 in
939 944 1111 996 optimis·‚
1126 954 1166 982 ut
1178 943 1301 982 Ἐνυπ.

0 1035 1 1045 2
36 1006 70 1035 c·
85 1009 125 1043 7,
137 995 231 1048 Ἐρμ.
246 1010 329 1051 cap.
345 997 416 1047 84,
434 999 501 1052 qui
516 997 704 1051 posterior
718 999 825 1037 locus
838 998 927 1037 huic
939 1010 1004 1048 per
1017 997 1148 1036 omnia
1163 995 1303 1035 similis.

0 1048 2 1101 )
32 1048 143 1089 Adde
155 1050 265 1103 Ὀρχ.
283 1063 364 1104 cap.
381 1052 443 1100 84.
459 1052 618 1092 SOLAN.
629 1050 897 1104 Ἀναφέροντες)
910 1051 1011 1090 Nihil
1026 1051 1083 1089 hic
1096 1049 1172 1089 fine
1185 1049 1302 1089 Codi-

31 1114 122 1142 cum
144 1104 371 1145 au&oritate
393 1117 527 1154 mut03
555 1105 623 1145 etsi
648 1102 892 1153 ἀνανήψαντες
915 1103 1142 1157 aptiffimum
1172 1101 1301 1149 foret,

0 1175 1 1192 ι
30 1157 140 1209 quod
154 1157 317 1198 Solanus
338 1159 375 1198 in
395 1170 542 1199 textum
556 1160 726 1211 recipere
744 1159 955 1211 cogitarat,
968 1157 1045 1198 slne
1060 1157 1301 1197 auctoritate.

0 1221 1 1265 J
31 1208 131 1249 Nam
147 1223 297 1264 praeter
314 1213 417 1253 Suid.
430 1214 542 1253 etiam
560 1226 620 1252 me
642 1223 772 1252 monet
787 1213 894 1252 locus
914 1212 1038 1265 Long.
1054 1210 1149 1252 Past.
1169 1211 1245 1257 111,
1262 1225 1299 1263 p.

37 1275 52 1300 ¹
63 1277 111 1311 24
120 1294 132 1312 ‚
147 1261 234 1305 εἶτα,
247 1266 451 1319 ἀνενέγκων
470 1266 607 1319 ἐθάῤῥει
619 1297 630 1314 ,
640 1268 715 1305 dein
725 1266 766 1318 fi
780 1267 938 1320 colligens
950 1267 1099 1305 animum
1111 1266 1297 1318 recipiebat.

0 1373 1 1425 ζ
24 1371 269 1422 -edormiere3
287 1375 327 1414 δι
349 1374 460 1414 iidem
480 1375 664 1414 dicuntur
683 1373 845 1426 absentes,
870 1385 914 1412 ut
937 1373 990 1413 est
1010 1374 1046 1412 in
1066 1373 1301 1425 proverbio,

23 1425 196 1477 .abfintem
210 1428 332 1474 laedit,
352 1429 409 1482 qui
422 1444 497 1468 cum
510 1428 597 1467 ebrio
614 1428 739 1479 litigat.
759 1427 927 1480 Ideoque
941 1427 1138 1480 vulgatam
1155 1425 1299 1466 studio-

26 1477 68 1517 se
91 1480 219 1532 potius
240 1481 554 1528 conservandam,
577 1494 694 1533 quam
710 1481 973 1533 corrigendam
996 1481 1175 1529 arbitror,
1196 1493 1301 1520 eam-

0 1554 1 1559 =
24 1545 107 1585 que
126 1533 296 1586 pluribus
318 1535 540 1576 testimoniis
561 1534 774 1582 firmarem,
791 1534 819 1573 sl
842 1548 908 1588 per
926 1533 1142 1574 festinantes
1159 1546 1298 1588 operas

27 1585 171 1627 liceret.
191 1588 334 1629 Rmz.
812 1607 831 1612 -

0 1642 1 1646 ’
82 1645 156 1680 ead.
175 1642 197 1681 l.
215 1655 247 1694 5.
260 1642 480 1694 Χριστιανῶν
527 1642 731 1683 Notandus
752 1642 873 1695 probe
895 1641 955 1681 hic
970 1642 1101 1690 locus,
1114 1653 1195 1681 non
1210 1641 1298 1681 ideo

27 1704 198 1743 tantum,
222 1697 350 1748 quod,
373 1698 479 1736 crevi
511 1697 621 1736 eiam
644 1709 847 1736 numerum
861 1695 1164 1735 Christianorum
1183 1695 1221 1733 in
1239 1696 1296 1735 his

28 1748 124 1798 oris,
137 1749 225 1790 hinc
238 1761 360 1802 patet3
375 1749 435 1790 sed
449 1750 534 1791 ideo
549 1749 781 1803 potiffimum
793 1781 804 1798 ‚
822 1760 866 1790 ut
877 1763 924 1789 ex
943 1763 1011 1790 ore
1024 1749 1107 1802 ipso
1121 1748 1296 1788 adversa-

29 1803 177 1842 riorum
199 1816 347 1855 pateat,
366 1803 500 1845 dediss'e
514 1817 672 1857 operam
695 1803 930 1843 Christianos
949 1805 1139 1857 gnaviter,
1163 1816 1211 1842 ne
1226 1802 1297 1842 fibi

28 1855 158 1897 aliisve
173 1857 319 1908 imponi
336 1870 400 1911 per
420 1858 721 1912 praestigiatores
742 1869 982 1911 paterentur:
999 1857 1106 1910 quod
1118 1857 1205 1896 ideo
1224 1857 1296 1896 ob-

27 1907 259 1950 servandum
273 1912 443 1966 inprimis
455 1912 506 1952 est
515 1943 529 1959 ,
542 1913 631 1965 quia
642 1912 772 1952 faciles
785 1911 955 1965 alioquin
969 1912 1007 1951 ⁴&
1025 1911 1212 1965 simplices
1223 1910 1295 1950 ho-

5 1981 7 2000 ι
26 1963 149 2004 mines
161 1966 386 2017 plerumque
402 1967 441 2006 &
458 1979 566 2006 erant
579 1966 619 2006 δι
633 1965 879 2005 habebantur.
898 1966 1056 2015 SOLAN.

81 2021 158 2058 ead.
178 2020 201 2058 l.
227 2033 286 2059 10.
308 2019 567 2074 Μολυβὲίνας)
591 2020 637 2059 In
657 2020 835 2060 omnibus
856 2019 998 2073 legitur
1015 2017 1292 2070 μολυβὲαίνιις·

21 2072 133 2124 quod
148 2071 338 2114 ferricum
352 2087 430 2113 non
443 2073 555 2127 poffit
565 2104 577 2122 ,
593 2073 815 2114 mutandum
827 2074 1053 2113 censuimus.
1068 2073 1224 2113 SOLAN.
1236 2073 1293 2112 Ut

21 2125 88 2165 ,hic
97 2127 375 2177 μολυβᾶοιίνοις,
392 2129 442 2167 ita
455 2129 569 2168 etiam
590 2127 686 2167 infra
700 2128 738 2166 in
758 2127 914 2180 Lexiph.
933 2139 1048 2179 cap.5
1068 2128 1153 2167 eod.
1173 2127 1293 2166 modo

22 2179 109 2221 edd.
127 2180 278 2222 habent.
300 2181 537 2227 Momsssivoef
549 2182 748 2234 legendum
765 2192 915 2221 notarat
930 2181 1112 2228 Somnus,
1129 2179 1207 2219 fine
1222 2193 1292 2219 au-

26 2233 223 2283 k'toritate3
241 2235 360 2275 utitur
375 2236 515 2289 quippe
530 2236 690 2276 Homer.
704 2235 746 2274 ΙΙ.
759 2240 791 2273 Ω
802 2266 815 2282 ,
830 2236 904 2282 80,
917 2235 955 2273 ‘H
973 2234 1018 2274 δὲ
1033 2265 1042 2281 ,
1057 2233 1290 2284 μολυβδαίνῃ

29 2287 130 2338 ἰκέλῃ
153 2288 189 2328 ἐς
207 2289 342 2334 βυσσὸν
362 2289 516 2341 ’όρουσ-εν.
531 2289 655 2342 Quod
673 2288 866 2331 Scholiast.
882 2289 1154 2342 interpretatur
1168 2300 1292 2337 μολυ-

28 2341 148 2391 βδίνῃ,
167 2341 285 2394 ὁρμεᾷ.
299 2343 353 2382 At
365 2343 592 2384 substantive
605 2344 759 2397 ponitur
772 2344 873 2395 apud
888 2343 1117 2382 Homerum.
1136 2341 1293 2381 Revera

25 2405 152 2435 tamen
165 2396 392 2437 adiefiivum
408 2397 494 2443 effe,
515 2409 617 2450 patet
629 2411 675 2437 ex
690 2398 772 2435 aliis
782 2395 1133 2450 fignificationibus‚
1147 2406 1191 2434 ut
1201 2408 1291 2434 cum

23 2462 102 2502 pro
122 2449 307 2502 plumbeis
326 2451 425 2492 vasis
440 2452 522 2490 {ive
541 2452 624 2490 ollis
638 2450 855 2504 usurpatur,
869 2451 974 2502 quod
993 2463 1040 2490 ex
1062 2451 1201 2489 Athen.
1222 2450 1290 2488 do*

24 2513 90 2546 cet
104 2502 328 2558 Stephanus.
342 2506 389 2547 Et
404 2519 452 2548 an
467 2519 546 2546 non
561 2505 744 2548 adiefflve
757 2504 912 2559 usurpat
928 2504 1066 2545 Noster
1079 2503 1175 2544 infra
1193 2503 1217 2543 l.
1233 2504 1288 2543 c.?

0 1332 2 1346 ν
20 1315 152 1358 .Re&e
165 1320 265 1359 enim
287 1320 327 1360 δι
340 1321 433 1360 ebrii
445 1323 495 1359 ad
495 1321 536 1373 fi
555 1321 654 1360 redire
668 1321 863 1368 dicuntur,
885 1319 1087 1372 postquam
1101 1319 1297 1372 crapulam
1341 1351 1343 1356 .
1368 1310 1372 1312 ⁸
