1730 3326
211 215 326 264 ,IN
391 185 1153 262 DEMONA‘CTEM.
1239 229 1320 276 551

54 303 128 346 nifi
147 301 247 344 forte
266 316 409 344 nomen
429 303 635 349 exciderit,
654 302 762 343 cuius
779 303 849 341 hae
862 301 932 340 sint
954 301 1149 352 reliquiae.
1171 301 1327 341 SOLAN.

111 359 205 410 Pag.
219 373 306 410 253.
325 359 349 396 l.
370 372 400 396 1.
415 357 590 410 Ko't'rssaev')
606 357 766 396 Homer.
789 356 879 403 11.1‚
908 369 992 407 320.
1019 356 1176 394 SOLAN.

112 414 185 450 ead.
202 412 225 450 l.
241 413 277 450 6.
291 412 448 463 Ὀλίγον
462 411 597 451 ὃέοντα,
610 409 684 449 τῶν
697 409 849 461 ἑκατὸν)
866 409 992 447 Miror
1007 409 1149 460 itaque,
1165 409 1202 447 in
1215 408 1329 448 Cata-

57 464 153 517 logo
162 465 369 516 Μοικροβίων
382 477 523 505 nomen
535 463 617 503 eius
629 476 709 503 non
718 474 944 515 comparere
957 463 1054 500 inter
1068 462 1193 513 philos
1189 475 1213 501 o
1220 463 1331 514 phos;

58 518 127 558 niti
141 517 242 557 forte
255 519 354 557 ultra
368 518 459 556 illud
476 517 652 570 scriptum
670 517 788 555 vitam
807 516 1044 568 produxerit,
1057 516 1160 567 quod
1174 529 1249 567 ego
1263 529 1328 554 ve-

59 584 146 611 rum
163 570 237 611 effe
254 582 363 623 puto.
385 572 455 611 Sed
469 583 566 623 quae
581 584 626 610 ea
645 570 691 609 de
705 583 744 608 re
760 569 914 608 dicenda
928 568 1012 608 sunt
1023 599 1034 618 ‚
1049 582 1097 608 eo
1110 570 1244 608 melius
1259 568 1328 608 dif-

58 624 244 665 ferentur.
261 624 371 677 (Vid.
387 629 505 675 Μακρ.
518 638 549 663 c.
569 623 647 676 18.)
673 623 832 663 SOLAN.

113 681 188 717 ead.
204 679 229 717 l.
248 693 306 730 13.
322 676 416 717 Θεοῦ
430 692 515 717 τινα,
538 677 772 730 ἐπιφάνειαν)
797 677 958 722 Narrat,
977 675 1257 714 DemonaEtem
1274 673 1329 715 se-

59 732 130 772 nio
143 731 364 772 confthum
377 733 416 770 in
433 744 706 784 quamcunque
718 731 876 769 domum
893 729 1072 768 incidisset
1083 759 1094 776 ‚
1110 731 1147 768 in
1163 730 1223 768 illa
1237 741 1330 768 coe-

59 785 162 825 naffe
176 785 217 824 &
230 784 466 833 dormivisse,
483 784 553 823 τὶιῗν
565 785 785 825 ἐνοικούντων
798 783 882 822 θεοῦ
896 798 980 822 τινοι
990 783 1201 831 ἐπιφάνειαν
1215 780 1331 833 ἤγου-

55 839 172 892 μὲνων
187 841 230 877 τὸ
245 837 429 891 πρᾶγμα,
449 839 568 877 incolis
585 853 650 891 prov
669 839 741 876 Dei
764 840 910 890 quadam
926 837 1117 888 praestaria
1131 838 1328 874 habentibus

59 895 124 932 hoc
129 891 272 943 fiztlum.
296 891 420 944 Quasi
436 892 545 931 Deus
556 892 708 945 quidam
723 891 822 944 apud
836 903 905 930 eos
920 890 1138 930 divertisset.
1153 889 1329 929 obscure

58 946 285 999 interpretes
300 945 386 985 θεοῦ
401 947 637 992 ἐπιφάνειαν,
652 947 723 984 Dci
735 957 885 983 exortum
900 945 1212 996 interpretantur.
1226 944 1334 982 'Em-—

60 1000 207 1048 φίινειοιι
225 1000 326 1038 enim
342 999 427 1038 3205
437 1029 447 1046 ,
462 999 546 1038 sunt
560 1000 629 1038 Dei
645 999 892 1052 apparitiones,
916 1008 959 1036 ut
973 998 1114 1036 dudum
1130 997 1230 1036 dotti
1245 1009 1328 1036 mo-

59 1065 239 1093 nuerunt.
257 1054 307 1092 V.
330 1053 500 1106 inprimis
513 1052 677 1092 Casaub.
695 1054 731 1091 in
748 1051 1084 1091 exercitationibus
1105 1063 1243 1090 contra
1256 1051 1331 1089 Ba-

59 1108 229 1147 ronium.
251 1106 297 1146 In
313 1108 391 1147 aliis
403 1119 565 1159 quoque
578 1107 731 1157 Luciani
743 1105 838 1145 locis
853 1105 950 1144 male
965 1106 1142 1144 vertitur.
1155 1104 1329 1143 GRAEV.

117 1162 206 1214 Pag.
223 1173 311 1211 254.
328 1161 352 1199 l.
369 1162 404 1199 8.
418 1161 626 1212 'Evoe‘ycbmv
639 1159 711 1197 τῶν
732 1174 809 1211 unp.
833 1158 972 1211 vasa)
996 1158 1112 1212 (Vid.
1133 1157 1329 1197 Pollucem

60 1213 138 1260 IV,
154 1229 222 1267 91,
240 1214 281 1253 δε
294 1215 345 1253 ibi
360 1214 514 1266 interpr.
526 1214 567 1252 L.
583 1214 707 1267 Kuft.)
721 1213 957 1253 praeconum
973 1212 1076 1264 ἀγὼν
1089 1211 1233 1250 additus
1246 1212 1330 1250 reli-

62 1269 149 1320 quis
162 1268 227 1308 Ol.
242 1267 388 1307 XCVI.
402 1269 513 1321 Loyd.
526 1280 575 1306 ex
596 1263 681 1307 Afr.
698 1268 834 1320 o'tm‘yp.
853 1290 897 1297 —
919 1266 1071 1306 Initium
1096 1266 1170 1305 hoc
1192 1266 1332 1304 carmi-

61 1322 141 1367 nis,
160 1335 241 1375 quo
255 1334 465 1374 praecones
483 1321 713 1360 inchoabant
733 1321 868 1366 ludos,
883 1320 924 1359 &
942 1350 953 1368 ‚
968 1320 1120 1359 mutatis
1142 1319 1329 1371 pauculis,

59 1376 302 1415 claudebant.
317 1375 471 1415 Initialis
488 1375 739 1414 imitationem
752 1375 907 1414 exhibet
927 1374 1096 1412 lulianus
1110 1374 1148 1412 in
1169 1372 1275 1413 Caes.
1289 1388 1324 1424 p.

54 1429 120 1482 βά.
143 1429 293 1469 Cunaei
317 1442 393 1481 209
408 1458 417 1475 ,
434 1429 516 1467 Par.
542 1442 639 1468 vero
661 1429 718 1469 ed.
740 1443 806 1480 253
831 1428 899 1467 ubi
920 1427 1195 1467 &Cantoclari
1219 1438 1332 1466 notas

61 1483 153 1522 vide
171 1484 247 1536 336
263 1483 304 1521 δι
323 1496 413 1535 305.
439 1483 530 1523 Hoc
548 1493 678 1521 autem
696 1482 797 1534 apud
812 1482 1023 1520 Lucianum
1041 1480 1152 1519 finale
1169 1480 1244 1527 est;
1262 1480 1332 1519 nisi

60 1549 184 1577 unum
209 1535 317 1575 fuiffe
343 1536 473 1584 malis,
499 1537 610 1576 cuius
635 1537 799 1588 primam
816 1548 957 1574 vocem
979 1533 1092 1587 ἄρχει
1115 1535 1176 1572 vel
1197 1533 1333 1586 λήγει,

61 1601 181 1644 prout
202 1590 434 1629 inchoabant
456 1590 734 1629 claudebantve
748 1620 758 1636 ‚
781 1589 937 1636 fecerit,
962 1599 1026 1626 aut
1046 1601 1068 1626 a
1089 1586 1332 1627 DemonaEte

62 1654 210 1683 mutata
231 1643 344 1684 fuerit
361 1657 407 1683 ea
422 1657 524 1690 vox,
542 1657 623 1696 quo
643 1643 709 1682 fibi
732 1643 808 1682 iam
824 1643 897 1681 iam
912 1642 1103 1681 morituro
1126 1641 1334 1693 adaptaret.

62 1697 238 1739 Galenus
251 1698 366 1738 etiam
379 1697 463 1737 eius
483 1697 663 1737 carminis
672 1697 843 1736 meminit
857 1695 1111 1749 Epidem.VI,
1127 1695 1217 1734 teste
1229 1694 1334 1734 Con·

63 1751 228 1791 stantino
241 1751 546 1804 Lexicographo.
561 1750 624 1790 De
636 1764 736 1791 voce
749 1750 947 1803 ἐναγώνιος
958 1749 1035 1788 vid.
1049 1750 1156 1802 Ὀρχ.
1172 1762 1203 1788 c.
1217 1763 1251 1788 2.
1267 1749 1332 1788 De

64 1807 275 1846 certamine
297 1804 379 1857 ipso
394 1818 630 1854 praeconum
643 1805 700 1844 adi
715 1816 848 1844 notam
862 1803 1038 1842 Palmerii
1054 1805 1099 1842 ad
1120 1808 1202 1853 Περ.
1215 1816 1246 1842 c.
1266 1817 1328 1855 32.

65 1859 224 1900 SOLAN.
246 1858 431 1911 Expreffit
446 1859 520 1898 hoc
534 1871 688 1897 carmen
698 1858 878 1898 ludorum
895 1857 1084 1909 integrum
1101 1856 1270 1896 Iulianus
1293 1857 1332 1895 in

63 1912 308 1959 Caesaribus,
329 1926 431 1965 quae
461 1912 615 1952 occasio
641 1911 714 1953 fuit
740 1912 972 1963 Spanhemio
999 1911 1122 1956 illius,
1146 1910 1334 1963 huiusque

62 1966 178 2020 ipsius
200 1967 276 2007 loci
295 1967 393 2006 adeo
414 1966 625 2006 declarandi
643 1966 690 2005 ad
710 1966 850 2006 Iulian.
870 1979 907 2018 p.
930 1978 1001 2015 154
1017 1965 1053 2004 b.
1070 1964 1111 2004 &
1131 1979 1206 2016 394
1231 1964 1334 2005 Gall.

62 2021 237 2074 itemque
258 2021 304 2060 ad
318 2019 515 2073 Aristoph.
529 2020 627 2061 Plut.
643 2034 690 2073 25
701 2033 732 2072 5.
760 2020 858 2060 Add.
875 2018 983 2059 Kust.
998 2019 1045 2057 ad
1064 2018 1228 2058 eiusdem
1243 2019 1335 2057 Ari-

65 2074 190 2127 stoph.
205 2075 304 2114 Ran.
323 2075 436 2127 1358.
462 2073 598 2113 Deilla
612 2087 711 2114 vero
722 2073 856 2119 ποέος,
872 2073 967 2126 pedis
982 2072 1236 2124 appellatione
1249 2072 1330 2112 vid.

65 2128 205 2170 Pollux
219 2129 288 2176 IV,
302 2129 420 2182 91,&
433 2128 485 2166 ibi
500 2128 573 2167 viri
586 2128 703 2177 dotti,
720 2128 790 2181 qui
804 2137 933 2167 tamen
949 2126 1058 2165 illum
1079 2126 1209 2166 locum
1229 2138 1334 2165 non-

65 2183 160 2224 dum
173 2181 258 2222 satis
272 2183 550 2234 explicuerunt.
573 2181 701 2222 GESN.
753 2221 756 2226 ,

119 2239 194 2276 ead.
209 2237 232 2275 l.
246 2251 282 2290 9.
297 2232 416 2288 Λίνγει
431 2236 499 2286 μὲν
518 2235 622 2289 ἀγὼν
634 2235 703 2274 τῶν
722 2235 941 2275 καλλίστων
955 2230 1072 2274 ἄθλων
1090 2233 1237 2285 ταμίας
1248 2233 1265 2286 )
1278 2233 1335 2274 U-

65 2303 201 2343 terque
213 2291 418 2341 interpres,
432 2291 500 2329 iam
512 2290 597 2340 finis
616 2293 658 2344 est
668 2290 969 2343 pulcherrimorum
991 2303 1164 2327 munerum
1179 2288 1333 2327 certami-

66 2347 134 2386 nis.
156 2344 212 2383 At
233 2343 426 2383 manifeste
451 2354 624 2395 apparet,
647 2343 909 2396 imperfeffixm
928 2341 1001 2382 effe
1023 2342 1271 2388 sententiam,
1290 2341 1333 2381 &

67 2399 264 2440 dumtaxat
276 2397 465 2451 postrema
483 2397 521 2435 in
533 2396 693 2438 Graecis
708 2411 791 2437 vox
809 2396 1014 2450 negligitur
1032 2395 1177 2435 iniuste.
1200 2395 1248 2435 Et
1263 2408 1332 2435 cur

67 2465 148 2493 non
162 2463 375 2505 potuerunt
386 2451 540 2490 reddere
551 2481 564 2497 ‚
582 2452 651 2492 iam
655 2452 742 2503 finit
752 2466 840 2504 agon
851 2450 1144 2503 pulcherrimorum
1163 2463 1331 2489 munerum

68 2506 290 2560 aispensaeor,
304 2506 367 2550 vel
382 2505 498 2548 iudex
516 2504 557 2546 δι
571 2505 735 2547 arbiter?
750 2505 895 2548 GRQN,
907 2505 987 2599 EK‘I
984 2503 1120 2543 Iuliani
1131 2502 1335 2547 saturnali-1

1003 2571 1038 2598 m
1068 2572 1094 2607 4
