1730 3326
403 188 492 252 5ae
590 184 1464 235 ANNOTATIONES

398 278 439 316 δι
456 277 574 329 paulo
590 275 692 329 post,
710 273 827 326 παρῆν
840 273 944 323 αὐτῷ
956 272 1111 327 πονήρως
1127 275 1369 328 &artemium
1386 280 1429 317 τὸ
1444 277 1579 318 πένθος.
1602 277 1669 317 In·-

397 329 622 382 scriptiones
645 331 712 368 has
734 330 926 368 Herodis
919 341 1056 368 iterum
1085 329 1261 381 prodiiffe
1288 333 1403 371 audio
1419 331 1582 371 Londini
1603 345 1669 372 an.

402 397 499 443 1732
519 397 604 423 cum
618 383 757 422 selectis
772 382 988 421 Casauboni
1006 383 1045 421 δε
1058 383 1225 422 Salmafii
1239 385 1362 433 notis,
1385 384 1573 437 novisque
1587 385 1669 424 edi·

398 439 494 476 toris
506 437 715 481 Maittairii,
731 437 830 474 inter
839 435 1076 476 Miscellanea
1086 436 1330 477 Graecorum
1344 438 1496 491 aliquot
1511 438 1669 492 scripto-

397 503 482 530 rum
505 492 684 529 carmina.
703 490 860 528 SOLAN.

454 545 546 590 Ρασ.
564 545 648 590 246.
662 546 684 582 l.
703 558 731 581 1.
748 541 1101 595 memnonovide
1115 541 1224 596 supra
1243 543 1288 582 ad
1305 557 1337 583 c.
1350 559 1411 593 24
1428 544 1587 584 SOLAN.

452 588 546 635 ἱὸιίί.ς
552 596 682 647 Εστιᾷν
693 596 767 636 διε.
770 596 786 648 )
801 596 1041 635 Heroibusid
1055 597 1261 648 quotannis
1273 597 1421 647 publice
1431 598 1557 637 flebat.
1569 598 1666 639 Vid.

398 653 518 702 Matnp.
538 664 569 690 c.
585 665 628 689 21
638 650 836 700 ,Thucyd
848 649 914 696 111,
925 663 959 701 p.
974 650 1033 700 58,
1045 663 1082 695 2,
1092 651 1147 695 V,
1158 663 1190 688 c.
1206 663 1266 696 11,
1279 650 1366 691 Vll.
1382 664 1415 690 c.
1431 665 1493 696 11,
1508 651 1604 691 Plut.
1622 652 1663 691 in

397 704 658 753 Tim01.464,
675 704 764 752 2‚&
783 703 872 741 Plat.
892 716 988 754 353,
1005 717 1039 743 2.
1062 702 1226 742 Privatis
1241 704 1357 742 etiam
1374 704 1535 751 licuisse,
1559 705 1586 744 fi
1601 706 1663 744 cui

397 768 524 797 tantae
540 757 579 797 su
584 755 1010 810 ppeterentfiicultates,
1035 755 1108 795 suis
1128 768 1325 809 parentare
1339 758 1384 795 ad
1396 757 1558 796 eundem
1581 771 1666 797 mo-

397 811 503 858 dum,
514 812 710 862 probabile
720 810 784 849 est.
798 809 915 862 Quae
928 819 1059 848 autem
1074 809 1139 848 filii
1155 811 1372 862 parentibus
1384 812 1547 850 mortuis
1560 824 1666 864 prae-

397 865 496 904 flare
516 865 664 917 legibus
683 864 819 903 Atticis
843 863 1083 910 tenebantur,
1107 862 1221 902 semel
1239 862 1321 903 fieri
1341 863 1426 902 satis
1446 875 1542 904 erat.
1565 865 1668 906 Vide

397 919 539 958 Porter.
555 919 685 967 1642.
696 917 924 957 Orationem
937 929 1060 955 tamen
1071 915 1267 956 funebrem
1278 918 1666 970 quotannisiteratam

396 972 494 1011 idem
512 972 691 1024 opinatur
704 986 791 1019 247.
807 971 869 1010 De
885 969 1112 1009 inferiisistis
1124 971 1200 1009 vid.
1212 971 1360 1010 'Eorta-n.
1373 983 1405 1010 c.
1419 985 1480 1010 22.
1507 971 1666 1012 SOLAN.

454 1029 526 1064 ead.
541 1027 562 1063 l.
575 1041 607 1072 ς.
621 1024 869 1077 Προῤῥιῖσεως)
894 1024 1019 1076 Ergo
1010 1035 1156 1077 inteora
1171 1037 1306 1064 eanon
1321 1024 1399 1074 est,
1418 1038 1534 1078 quam
1546 1024 1667 1070 habe-

400 1093 497 1119 mus
511 1080 596 1118 ἐΑλ
601 1078 669 1130 ξς
648 1079 757 1131 c.38.
783 1078 940 1118 SOLAN.

453 1137 526 1172 ezd.
540 1135 562 1171 l.
585 1147 615 1184 5.
636 1128 850 1185 Εὐμόωου)
877 1131 980 1171 Dico
996 1131 1472 1184 aiibi.Bounn.1ns1gnis
1493 1144 1538 1172 ea
1559 1132 1604 1172 de
1626 1143 1668 1173 re

397 1186 451 1226 est
464 1187 650 1238 Euripidis
664 1187 790 1231 locus,
802 1186 1072 1246 interpretibus
1087 1198 1167 1224 non
1181 1185 1268 1225 satis
1279 1185 1514 1225 intelleEius
1505 1198 1546 1225 m
1562 1185 1669 1225 Rhe-

397 1240 441 1279 so
458 1253 549 1290 941.
568 1239 622 1278 lbi
643 1240 743 1278 enim
759 1239 804 1277 de
820 1239 983 1278 Athenis
1004 1240 1142 1291 agitur,
1170 1241 1350 1292 quamvis
1363 1239 1545 1281 Barnefio
1560 1239 1670 1280 aliter

397 1293 520 1332 visum
536 1292 661 1337 fuerit,
677 1293 744 1344 qui
756 1292 988 1344 Thamyrim
1002 1292 1158 1345 intellio·
1134 1304 1190 1331 it.
1215 1293 1374 1332 SOLAN.

453 1350 526 1385 cui.
541 1349 563 1386 l.
582 1361 595 1385 1
610 1360 640 1385 1.
653 1345 855 1391 Συνεβούλε
858 1360 945 1385 υσεν
962 1345 1109 1392 ἀσκειν,
1126 1360 1191 1385 nou
1207 1347 1492 1400 γυμνάζεσθαι)
1509 1345 1672 1386 Benedi-

398 1399 496 1446 fius,
510 1401 636 1452 suas
609 1412 623 1437 t
653 1414 691 1439 ut
704 1416 759 1439 ex
755 1400 935 1439 scitationi
948 1401 1160 1439 incumberet.
1180 1399 1438 1453 Obiopoeus,
1455 1413 1494 1439 ut
1497 1399 1670 1453 frequentz

399 1456 554 1494 exercitio
569 1455 775 1493 incumberet.
788 1454 841 1492 At
855 1455 942 1506 quis
961 1466 1100 1514 negare
1115 1454 1243 1500 audet,
1258 1453 1406 1507 saepius
1420 1454 1455 1493 id
1470 1454 1518 1493 ab
1534 1455 1600 1494 illo
1614 1453 1675 1497 fa-:

397 1508 522 1548 filum.
515 1508 528 1534 Ρ
542 1508 612 1547 Sed
619 1508 842 1569 ..praeclarus
854 1506 956 1547 lusus
968 1507 1048 1547 est
1040 1520 1077 1546 in
1090 1506 1264 1554 Graecis,
1281 1520 1382 1560 quae
1397 1521 1477 1548 non
1492 1520 1567 1547 tarn
1584 1506 1672 1548 sua-

397 1563 487 1602 dent
502 1563 726 1601 exercitium
743 1561 805 1601 vel
819 1562 1150 1608 exercitationem,
1164 1574 1279 1613 quam
1296 1561 1512 1602 manuarias
1526 1561 1567 1602 &
1581 1574 1672 1602 cor-

397 1617 524 1669 poris,
545 1628 623 1655 non
636 1616 753 1655 animi
768 1616 831 1654 δι
822 1616 962 1677 ingenii
979 1615 1238 1668 probationes.
1266 1613 1352 1654 Sic
1345 1627 1383 1654 m
1394 1615 1608 1655 Amoribus
1623 1615 1672 1656 de

397 1669 660 1716 Callicratide,
679 1662 715 1709 ἦν
729 1669 773 1709 ἑὲ
758 1684 850 1708 εκαι
863 1684 915 1718 τῳ
929 1670 1081 1719 σώματι
1095 1669 1376 1722 γυμναστικός.
1399 1668 1446 1708 Et
1460 1668 1588 1709 rursus
1599 1681 1672 1709 no-

396 1723 503 1762 tabili
519 1701 777 1771 distinf’tione,
801 1721 900 1762 πᾶσι
923 1722 967 1762 S&
983 1722 1062 1761 τοῖς
1075 1723 1291 1774 φιλοσόφοις
1311 1720 1448 1775 ψυχῆς
1465 1720 1673 1774 μαθήμασι

399 1776 569 1827 λιπαρῶς
583 1774 798 1825 ἑισιθλῆσας,
821 1774 1012 1816 {masam
998 1792 1016 1817 n
1039 1775 1188 1816 διάνοια
1200 1775 1272 1816 τῶν
1292 1777 1500 1829 ἐγκυκλίων
1517 1775 1672 1830 ἁγαθων

396 1846 476 1883 κορε
461 1830 568 1879 σῧῇ,
584 1833 629 1869 το
643 1831 753 1880 σὰμοι
772 1829 859 1869 ταῖς
871 1831 933 1869 ἑλε
937 1829 1107 1881 υθέροιις’
1090 1827 1297 1870 ambo-ww
1311 1831 1472 1870 ἑκπονει.
1491 1830 1640 1871 GRON.

452 1886 523 1923 ead.
537 1873 560 1925 Ι
579 1899 634 1934 ¹4·
647 1885 715 1922 Καιι
726 1886 784 1934 μέν.
789 1899 864 1922 ντιν
875 1883 921 1923 Σὲ
933 1897 1027 1922 ποτε
1038 1882 1163 1944 eiseov)
1179 1883 1427 1923 scribendum
1443 1883 1542 1924 ischia·
1560 1883 1670 1936 quod
1687 1920 1689 1922 .

394 1938 589 1992 sequiores
602 1940 872 1990 depravarunt,
893 1950 981 1977 curn
986 1937 1140 2003 primae
1153 1937 1235 1976 edd.
1251 1936 1351 1978 re&e
1366 1937 1541 1978 habeant.
1559 1937 1669 1978 IENs.

454 1993 544 2046 Pag.
558 2007 646 2043 247.
659 1994 682 2031 l.
701 2004 734 2044 3.
751 1992 936 2032 Ἐνόπλιον
948 1988 1051 2042 αὖτῳ
1031 1991 1220 2045 μάχην)
1234 1991 1326 2031 Vid.
1334 1991 1466 2045 supra'
1469 1996 1571 2045 Ορχ.
1583 2005 1671 2046 cap.

394 2046 432 2086 8.
453 2046 614 2086 SOLAN.

434 2101 510 2139 ibid.
526 2103 622 2152 Προς
634 2098 859 2153 πάτταλον)
874 2099 977 2138 Idem
991 2097 1120 2139 voluit
1130 2097 1434 2149 Theophrastus,
1446 2097 1474 2138 fi
1489 2099 1574 2139 eius
1586 2099 1673 2152 qui·

396 2154 483 2194 dem
500 2153 627 2194 foetus
638 2153 706 2199 est,
719 2167 799 2206 cap.
812 2158 860 2191 Π.
879 2152 1097 2204 ὀψιμαθίας,
1109 2165 1195 2205 pag.
1206 2153 1290 2205 7B.
1310 2165 1400 2192 cum
1411 2153 1487 2202 ait,
1497 2166 1588 2194 eum
1602 2152 1670 2194 nal

394 2222 537 2260 μακρον
552 2207 756 2259 &vcspt'oevra
771 2208 932 2258 παίζειν.
958 2206 1115 2246 SOLAN.

449 2265 521 2300 ead.
533 2263 557 2301 l.
570 2276 606 2313 9.
624 2268 768 2301 Στησον
782 2284 827 2291 -
846 2276 913 2299 την
929 2261 1093 2321 wosbv)
1107 2261 1150 2300 In
1165 2260 1223 2299 ed.
1240 2260 1437 2301 Blancard.
1459 2260 1535 2301 Th.
1546 2258 1672 2314 Magi-

395 2315 458 2354 stri
473 2331 534 2354 τον
553 2315 695 2354 cwosov
709 2315 805 2354 male
819 2315 972 2367 legitur,
983 2315 1077 2354 ubi
1070 2328 1099 2354 is
1119 2314 1186 2353 sub
1199 2312 1354 2354 v‘'erb0
1338 2329 1470 2364 ιστημι
1484 2315 1577 2354 haec
1589 2315 1670 2355 Lu-

395 2370 492 2408 ciani
508 2368 638 2415 affert,
663 2382 708 2408 ac
729 2369 895 2408 verbum
911 2370 944 2408 id
965 2369 1066 2408 rene
1080 2370 1240 2421 exponit
1258 2368 1502 2434 <oyen-‘ruam
1528 2368 1574 2408 Et
1591 2369 1670 2409 hoc

393 2422 500 2462 sensu
512 2436 571 2485 ap.
582 2423 693 2462 LXX
707 2422 906 2476 persaepe,
921 2434 964 2463 ut
980 2423 1083 2462 Esdr.
1095 2423 1212 2468 vlu,
1229 2437 1246 2450 ⁰
1230 2437 1292 2483 5,
1306 2437 1372 2461 και
1384 2423 1530 2463 ἔστησε
1542 2418 1671 2463 αὐτοις

394 2491 436 2517 το
449 2477 627 2531 &mopiam
639 2477 704 2518 καὶ
716 2491 760 2518 το
772 2478 943 2531 χρυσίον.
979 2478 1132 2519 Verum
1151 2478 1318 2531 apertius
1333 2490 1356 2517 2
1369 2475 1468 2532 Reg.
1483 2476 1594 2528 XIV,
1607 2476 1673 2523 26,
