1730 3326
412 223 508 271 434
614 203 1478 256 ANNOTATloNES

413 307 492 335 tem
510 294 631 340 venit,
645 293 825 333 usitatum
840 292 914 333 effe
925 323 938 342 ‚
951 292 1028 332 vid.
1045 293 1083 332 in
1094 304 1174 333 not.
1194 294 1407 334 Hemsterh.
1421 297 1467 335 ad
1479 295 1676 340 Prometh-

413 361 457 389 ca
486 378 496 387 .
510 362 545 386 2.
558 348 700 386 Rmrz.

460 362 538 440 ἰαά.
553 402 576 439 l.
593 413 651 453 13.
664 398 863 453 Σαλάγει)
876 399 1054 438 Verbum
1069 398 1240 452 σαλάγει
1254 400 1355 446 alibi,
1369 401 1485 441 credo
1496 432 1508 448 ‚
1523 415 1601 442 non
1618 404 1675 442 in.

413 455 584 495 venitur.
594 452 685 493 Ideo
697 453 812 493 credo
824 453 860 491 id
873 451 981 492 fuiffe
993 453 1190 492 deterioris
1201 465 1331 499 notae,
1342 465 1384 492 ut
1399 454 1508 507 saepe
1521 455 1675 496 obscoe-

415 521 464 548 na
481 507 599 547 verba
613 520 634 546 a
651 507 729 546 sola
744 506 883 545 viliore
903 506 1012 558 plebe
1032 505 1271 559 usurpantur.
1293 505 1410 547 Forte
1429 507 1498 547 fuit
1518 508 1676 562 Paphla-

414 563 614 616 gonicum,
628 560 668 600 &
686 559 958 600 Abonitichitis
974 558 1061 598 solis
1074 558 1274 599 familiare:
1291 560 1446 600 videtur
1460 562 1538 601 &vrb
1552 561 1616 601 τοῦ
1628 562 1675 601 ἑέ-

412 631 498 668 ‘year
513 615 574 652 καὶ
589 614 762 653 σαλεύειν
775 613 919 653 deduci.
937 612 1069 650 PALM.
1084 614 1136 651 At
1150 612 1340 665 σαλαγεῖ,
1353 614 1533 666 ταράσσει
1550 627 1675 669 expo·

413 672 472 709 nit
484 667 653 719 Hesych.
666 668 815 706 Verum
829 667 865 704 id
881 667 955 704 huc
971 666 1062 704 nihil
1078 665 1176 705 facit.
1193 666 1341 705 Rm‘rz.

469 726 542 761 ead.
559 723 584 760 l.
603 736 616 760 1
630 717 831 773 ς.”Ωπυες)
849 719 1013 758 Ὠπὺιες.
1027 718 1194 759 ΟυΥι-ῑτ.
1207 720 1421 760 Notaverat
1437 721 1587 773 quidem
1603 721 1676 762 So-

413 776 489 816 lan.
507 774 641 814 ὠπύιες
663 772 736 812 effe
752 773 789 811 in
804 773 860 811 Fl.
874 773 1023 812 Verum
1043 773 1238 825 vulgatam
1255 774 1432 813 intaclam
1450 775 1676 828 reliquerat,

413 842 530 880 quarn
546 841 621 881 ego
644 827 814 874 mutavi,
829 838 912 865 tum
935 837 1093 878 propter
1113 837 1300 873 metrum,
1317 838 1398 866 tum
1422 829 1528 881 quod
1551 828 1614 869 vel
1634 830 1676 868 in

414 881 528 935 prosa
544 880 711 922 sicscribi
728 880 834 919 solet.
849 879 996 918 ΚΕΗ-Ζ.

469 937 557 989 Pag.
574 948 587 973 ι
600 948 657 973 10.
674 935 696 972 l.
710 933 745 972 8.
761 933 971 986 Πολλάκις)
985 933 1188 985 Παυράκις.
1203 932 1375 985 Hesych.
1389 934 1592 986 Hxvpo'emr,
1605 936 1677 975 ὀλι-

452 990 547 1029 έωιις.
562 988 730 1029 Gom.

414 1003 445 1043 Ἰ
468 1046 541 1082 ωᾶ-
557 1044 581 1081 l.
597 1056 610 1080 ι
621 1057 653 1095 3.
669 1040 833 1094 Λύοιντο)
846 1040 960 1093 Angl.
976 1039 1155 1080 sesam.
1172 1040 1345 1079 BOURD.
1366 1040 1540 1081 Aisomo
1563 1042 1615 1081 A.
1633 1042 1677 1082 &

414 1096 455 1136 P.
468 1095 637 1136 Aisomo
653 1096 694 1134 L.
706 1094 777 1134 Sed
790 1106 979 1146 receptam
991 1093 1226 1146 scripturam,
1238 1105 1280 1133 ut
1296 1093 1511 1141 meliorem,
1526 1094 1677 1148 sequor.

415 1151 573 1190 SOLAN.
593 1150 694 1188 Λύειν
709 1148 926 1200 χρησμοὺς,
944 1148 999 1188 est
1022 1149 1259 1199 interpretari
1274 1149 1443 1186 oracula.
1459 1148 1530 1188 Sed
1544 1149 1612 1189 hac
1629 1150 1679 1189 de

415 1217 458 1243 re
471 1205 532 1243 hic
551 1202 674 1242 sermo
693 1214 771 1240 non
785 1202 838 1240 est
850 1230 862 1247 ‚
878 1214 1016 1240 verum
1035 1203 1080 1241 de
1093 1201 1320 1253 resignandis
1332 1214 1461 1247 caute,
1483 1203 1522 1242 δι
1539 1202 1678 1242 iterum

415 1257 656 1310 obsignandis
677 1255 810 1294 libellis
834 1266 972 1294 eorum
986 1285 998 1300 ,
1028 1257 1095 1308 qui
1120 1255 1279 1294 oracula
1306 1255 1515 1306 poscerent.
1543 1255 1678 1308 ltaque

416 1308 628 1361 χρησμοὺς,
641 1309 746 1362 quod
769 1309 842 1348 iam
862 1308 910 1347 ab
925 1307 1081 1348 Erasmo
1104 1307 1243 1348 factum
1268 1309 1405 1357 video,
1426 1310 1576 1361 accipio
1591 1310 1679 1349 illos

414 1363 586 1409 libellos,
606 1362 632 1401 s.
652 1362 831 1408 tabellas,
857 1362 897 1400 in
918 1361 1059 1414 quibus
1082 1360 1386 1402 subscribendum
1407 1373 1488 1402 erat
1510 1364 1680 1403 interro-

416 1417 562 1470 gationi
576 1416 789 1456 oraculum.
807 1416 866 1455 lta
880 1415 997 1468 paulo
1013 1414 1096 1468 post
1172 1419 1280 1464 ησμοὶ
1301 1416 1394 1454 ὀκτὼ
1415 1415 1498 1455 sunt
1518 1417 1680 1470 quaestio-

416 1488 489 1520 nes,
502 1470 582 1510 five
592 1471 770 1523 petitiones
784 1470 994 1508 oraculorum
1007 1469 1112 1508 οξὶο.
1165 1480 1250 1508 ESN.

469 1527 545 1564 ead.
560 1525 583 1564 I.
602 1525 656 1563 16.
673 1523 811 1575 Μὸρφι)
834 1523 948 1575 Angl.
964 1521 1062 1562 Cod.
1077 1521 1128 1562 sic
1139 1523 1253 1562 habet
1265 1523 1362 1562 hanc
1380 1522 1592 1563 barbariem
1604 1553 1616 1569 ‚
1630 1523 1679 1563 si-

417 1592 489 1623 ve,
505 1589 548 1618 ut
570 1576 649 1632 ipse
669 1578 759 1616 alibi
778 1577 894 1623 dixit,
915 1575 1045 1618 ἁσοιωῆ
1065 1576 1130 1615 καὶ
1153 1578 1301 1626 ἄσημοι·
1323 1576 1463 1629 Μορφεῦ
1484 1578 1680 1631 Emeum.»

418 1633 504 1685 ἰσχὶ
519 1631 773 1685 ἀγχινέχιψε
785 1630 880 1681 φάος
899 1629 954 1669 ‘5³2'-
977 1629 1146 1670 BOURD.
1162 1630 1198 1669 Si
1217 1631 1284 1683 qui
1302 1628 1394 1678 smt',
1409 1630 1476 1683 qui
1492 1630 1679 1682 Scythice

416 1686 650 1738 intelligant,
673 1684 823 1725 Graece
849 1682 963 1723 etiam
985 1684 1106 1731 doen,
1131 1695 1307 1723 enarrent
1336 1684 1466 1731 nobis,
1488 1685 1582 1737 quid
1603 1685 1678 1725 hoc

417 1739 576 1779 monstri
590 1738 644 1778 sit.
661 1738 732 1778 Sed
745 1737 772 1776 sl
792 1738 934 1790 aliquid
950 1736 1044 1777 scitu
1057 1738 1213 1790 dignum
1228 1737 1296 1777 sub
1315 1736 1413 1777 hisce
1426 1738 1594 1778 barbaris
1607 1751 1682 1778 vo-

418 1795 527 1834 cibus
539 1791 720 1838 muisset,
734 1791 904 1831 Luciano
919 1803 997 1830 non
1011 1790 1208 1831 defuissent
1218 1820 1228 1836 ,
1247 1792 1311 1844 qui
1327 1792 1682 1843 interpretarentur,

416 1861 491 1888 nec
502 1847 564 1886 ille
573 1847 685 1885 nobis
696 1844 892 1884 invidiffet.
906 1844 943 1884 Si
954 1844 1104 1896 Illyrio,
1115 1857 1196 1884 non
1209 1845 1388 1897 Scythae,
1398 1845 1528 1884 datum
1541 1844 1680 1894 fuisset,

417 1902 609 1942 crederem
623 1901 659 1939 ei
678 1898 896 1952 promissam
919 1899 1036 1937 vitam
1058 1898 1308 1951 longaevam,
1328 1898 1605 1952 aequalemque
1624 1901 1682 1940 vi·

416 1967 478 1995 tae
492 1954 707 2005 Bardylidis
721 1953 822 2004 illjus
834 1952 979 2004 Illyrici
993 1953 1102 2004 regis,
1123 1953 1188 2005 qui
1203 1963 1437 1992 memoratur
1450 1965 1471 1992 a
1483 1952 1626 1993 Nostro
1639 1954 1681 1993 in

420 2014 539 2060 Μακρ.
553 2022 584 2048 c.
599 2021 655 2047 ιο.
670 2008 828 2047 SOLAN.
839 2005 1132 2059 Corruptiffima
1147 2007 1238 2047 haec
1252 2006 1326 2046 effe
1337 2034 1347 2052 ‚
1361 2005 1439 2059 ipsa
1451 2007 1614 2047 varietas
1629 2006 1680 2047 sa-

419 2065 468 2102 tis
482 2063 627 2102 indicat.
652 2061 734 2113 Ego
755 2072 820 2100 aut
833 2072 1059 2112 reponerem
1077 2060 1279 2100 lechonem
1297 2059 1410 2112 Angl.
1429 2059 1530 2099 Cod.
1552 2061 1682 2114 prola·

420 2128 498 2156 tam
515 2129 536 2156 a
556 2114 831 2160 Bourdelotio,
851 2124 918 2153 aut
942 2126 1045 2153 certe
1067 2114 1185 2153 verba
1209 2114 1259 2153 εἰς
1283 2112 1389 2153 σκιὴν
1409 2114 1556 2153 uncinis
1576 2127 1682 2155 arce-

420 2184 523 2211 rem:
539 2169 689 2209 versum
703 2170 790 2208 dare
806 2168 1136 2220 qualemcunque,
1149 2167 1297 2208 auetori
1313 2166 1553 2222 propositum
1571 2167 1682 2209 fuiffe

423 2235 589 2277 apparet.
601 2224 732 2271 Hunc,
745 2221 886 2261 omiffis
898 2222 948 2261 εἰς
957 2221 1078 2267 σκιὴν,
1093 2221 1134 2260 &
1147 2222 1326 2262 adiuncto
1338 2222 1453 2260 ἄλλος
1465 2221 1527 2260 vel
1537 2222 1680 2271 ἄλλως,

422 2278 546 2324 effici,
558 2288 724 2329 apparet.
738 2275 810 2316 Sed
823 2275 923 2315 forte
942 2274 1102 2328 praestat
1115 2275 1229 2328 Angl.
1244 2274 1342 2315 Cod.
1361 2273 1478 2314 lectio
1489 2306 1500 2322 ‚
1516 2288 1618 2328 quae
1637 2275 1681 2316 &

421 2331 502 2384 ipsa
516 2331 738 2371 hexametro
749 2328 926 2370 conclusa
938 2328 1002 2369 est.
1016 2329 1125 2381 Quid
1137 2342 1234 2368 vero
1247 2328 1315 2368 fibi
1327 2329 1444 2368 velint
1459 2329 1578 2368 verba
1595 2330 1687 2369 bar-

422 2386 534 2431 bara,
549 2385 590 2424 δι
604 2396 783 2437 corrupta
796 2383 963 2436 insuper,
977 2384 1015 2422 in
1031 2384 1210 2422 alterutra
1226 2393 1328 2423 certe
1339 2382 1503 2422 lectione
1515 2410 1527 2429 ,
1543 2395 1620 2422 non
1639 2396 1681 2423 e-

423 2439 574 2491 quidem
590 2438 852 2477 divinaverim.
866 2437 1048 2488 Scythica
1062 2436 1088 2476 si
1102 2436 1187 2485 sint,
1197 2437 1289 2490 quin
1301 2437 1584 2489 qualiacunque
1595 2435 1683 2484 sint,

424 2492 543 2533 modo
559 2492 628 2532 sint
647 2492 837 2539 humana,
851 2491 1057 2544 delegarim
1079 2503 1166 2532 meo
1183 2489 1378 2545 suffragio,
1391 2490 1612 2545 Theophilo
1626 2489 1684 2531 Si·
