1730 3326
413 233 503 283 342
769 213 1323 262 VARIAE

414 303 534 340 Solan.
562 302 585 339 l.
600 300 659 340 28.
674 302 736 340 col.
754 316 788 340 2.
805 298 1029 353 Εὗρυχοινδῆ
1037 300 1058 354 )
1071 300 1129 340 Sic
1141 300 1179 340 in
1190 302 1242 341 V.
1257 301 1437 354 scriptum
1452 310 1543 342 etat.
1556 302 1676 342 Solam.

414 355 437 395 l.
453 369 512 404 29.
528 355 591 393 col.
613 368 644 393 1.
657 354 865 407 Κυλικεῑον)
879 358 1060 393 κυκλάκιον
1079 354 1217 393 editum
1233 367 1322 393 ante
1335 385 1345 402 ‚
1361 355 1401 393 δε
1416 355 1525 407 plura
1541 355 1677 395 vitiose

413 407 605 459 exin-effa,
628 420 726 460 quae
748 407 861 447 tacite
878 408 1087 458 corrigere,
1110 420 1225 459 quam
1242 408 1409 447 indicare
1426 408 1552 447 malui.
1566 409 1676 461 Reitz-

412 462 491 501 ibid.
505 462 527 498 l.
547 464 685 514 3312&
697 461 825 513 J‘imf)
841 461 961 505 sauma,
973 461 1011 499 δι
1024 459 1100 500 sine
1113 461 1275 499 articulo
1287 462 1375 500 edit.
1390 461 1492 500 Cler.
1506 461 1679 501 Mutavit

413 514 597 559 Solanus,
621 527 699 554 non
728 514 866 553 addens
885 515 996 553 unde.
1020 512 1090 553 Sed
1111 526 1157 552 ex
1178 514 1299 553 altero
1322 514 1507 554 Voffiano
1527 527 1616 554 eum
1638 514 1677 553 id

413 567 572 608 haufisse
586 568 721 616 video,
733 570 839 620 quod
854 567 981 619 postea
993 568 1204 606 exhibetur.
1218 569 1327 619 Reitz.
1362 570 1435 606 ead.
1447 568 1508 607 col.
1525 582 1559 606 2.
1574 572 1676 617 Κυμ-

413 623 500 671 βῑα)
518 621 679 670 nutasset}
694 621 750 660 bis
765 621 956 660 habebant
975 621 1082 660 edita.
1097 619 1276 659 Correxit
1289 620 1416 660 Solan.
1483 621 1572 673 Pag.
1589 621 1674 669 187.

415 677 438 714 l.
456 691 489 715 2.
504 674 716 725 Κυλικεῖον)
731 673 792 713 Sic
804 687 921 727 marg.
941 675 1012 713 A.1
1029 677 1082 711 W.
1098 674 1256 712 Κυλίκιον
1271 674 1352 712 edd.
1368 675 1407 713 &
1425 674 1478 713 Μ.
1496 674 1678 713 Κυλικεῖον

415 739 637 769 correxerat
656 727 828 767 Solanus.
884 730 906 766 l.
928 744 962 775 4.
979 726 1194 778 Βακχαρίέι
1205 729 1222 775 )
1237 726 1296 767 Sic
1307 729 1378 766 W.
1394 728 1433 766 &
1447 739 1564 778 marg.
1577 729 1628 767 A.
1643 741 1674 767 1.

414 781 637 834 Κοικχοιρίὲι
653 781 735 820 edd.
775 782 798 819 l.
815 794 846 831 5.
862 780 1103 834 Εἰσεκὺλισε)
1119 781 1359 820 εἰσεκύκλησε
1374 782 1444 819 W.
1489 781 1513 818 l.
1527 783 1563 820 6.
1574 785 1677 820 Κοιτ-

416 835 551 888 imm)
566 834 777 874 κατάλυσιν
791 847 908 886 marg.
926 836 973 872 A.
998 848 1030 873 1.
1088 835 1110 872 l.
1123 849 1159 882 7.
1173 834 1401 885 Ἐπιφόρημοι
1409 836 1428 883 )
1446 833 1598 874 Lacuna
1614 834 1678 874 hic

414 888 522 928 estin
540 889 594 926 F.'.
609 887 649 927 &
663 888 718 926 M.
774 889 797 925 l.
813 888 848 926 8.
863 885 1101 941 Ἐρὁκνοῦτο)
1117 886 1313 938 ἑῤῥικνοῦτο
1327 900 1375 925 ex
1394 899 1511 939 marg.
1523 888 1571 926 A.
1583 901 1599 926 1
1619 891 1679 928 W.

415 944 487 981 W.
501 943 540 982 &
555 942 610 980 Fl.
622 940 836 993 ’hp'fimpoU‘to
850 953 936 981 cett.
951 942 1035 981 edd.
1084 942 1106 980 l.
1120 955 1135 980 1
1147 955 1160 979 1
1170 972 1178 980 .
1191 941 1381 993 Ποικίλος)
1395 944 1544 980 minister
1557 941 1585 980 1.
1599 954 1677 980 ma-

412 996 462 1036 le.
493 998 563 1034 ead.
578 996 824 1048 Ὠοκόιταξις)
839 995 898 1035 Sic
911 996 995 1034 edd.
1008 1005 1101 1034 vett.
1114 1008 1158 1034 ac
1172 993 1590 1046 recenttssssrom'zufite
1602 996 1676 1034 W.

416 1049 457 1088 &
471 1050 525 1088 M.
555 1051 578 1086 l.
594 1063 652 1099 15.
666 1050 728 1088 col.
743 1053 831 1088 212>
842 1048 1058 1102 τύμπανον)
1070 1048 1131 1088 Sic
1142 1050 1191 1088 V.
1206 1048 1245 1088 &
1258 1049 1310 1088 M.
1324 1052 1381 1087 T&
1391 1048 1574 1098 τύμπανα
1587 1048 1676 1088 edit.

415 1103 568 1143 Clerici.
625 1104 646 1141 l.
671 1117 730 1150 17.
744 1106 806 1142 col.
828 1102 1089 1156 ι.Κυλικεῑον)
1107 1103 1268 1141 κυλίκιον
1285 1101 1383 1141 male
1405 1102 1524 1140 editio
1545 1102 1674 1154 prior,

415 1170 532 1210 quam
546 1169 619 1207 ego
634 1158 793 1195 mutavi.
809 1157 915 1210 Κάις.
973 1159 1046 1195 ead.
1061 1155 1374 1208 Ποτηροπλὺτην)
1391 1155 1676 1206 ποτηρολύπτην

415 1221 526 1249 antea
542 1209 680 1248 lectum
697 1208 858 1261 peffime.
875 1210 1056 1249 Correxit
1067 1210 1193 1248 Solan.
1207 1209 1277 1250 Sed
1291 1209 1331 1249 δι
1345 1210 1395 1248 ita
1409 1209 1675 1262 corrigendum

416 1264 513 1302 vidit
527 1262 702 1302 literatiff.
718 1264 865 1301 iuvenis
881 1263 922 1301 L.
940 1262 1232 1311 C.Valkenaar‚
1246 1265 1283 1302 in
1300 1263 1506 1303 Animadv.
1518 1263 1563 1302 ad
1581 1262 1677 1301 Am-

417 1329 523 1356 mon.
544 1329 578 1367 p.
597 1331 632 1368 3,
653 1317 717 1367 qui
739 1317 851 1354 etiam
872 1314 1069 1361 observat,
1084 1316 1311 1356 Scholiasten
1333 1316 1429 1356 male
1444 1316 1677 1356 confundere

417 1371 597 1408 κυλικεῖον
617 1370 656 1407 &
681 1369 999 1420 ποτηριοπλύτην,
1019 1369 1108 1409 usus
1130 1369 1372 1409 diversissimi.
1394 1371 1504 1423 Κάις.
1573 1370 1674 1424 l.19.

417 1423 478 1463 col.
497 1438 530 1462 2.
547 1422 720 1462 Κύκλησέ
731 1422 808 1476 τις)
823 1423 882 1463 Sic
897 1423 934 1461 in
949 1424 999 1462 V.
1011 1422 1187 1475 scriptum
1199 1435 1290 1462 erat.
1306 1425 1423 1462 Solan.
1452 1425 1474 1461 l.
1491 1438 1552 1462 21.
1564 1424 1626 1463 col.
1642 1437 1674 1463 1.

414 1476 649 1528 Ἐπεπεμπ.)
664 1475 709 1515 Et
723 1477 797 1516 hoc
810 1477 966 1516 debetur
979 1477 1190 1529 diligentiae
1203 1477 1351 1518 Solani:
1370 1490 1456 1516 nam
1474 1478 1596 1516 ἀπεπ.
1612 1490 1677 1516 an-

416 1531 670 1583 telegebatur.
719 1532 740 1569 l.
753 1544 813 1583 23.
824 1532 887 1570 col.
901 1545 934 1569 2.
949 1530 1182 1582 Χρυσόχοος)
1195 1534 1405 1584 χρυσὸχοον
1415 1532 1473 1570 ed.
1486 1531 1587 1570 Cler.
1601 1543 1679 1570 ma-

417 1584 466 1624 le.
497 1586 584 1634 μσς.
598 1599 612 1623 1
622 1584 680 1623 88.
697 1585 719 1621 l.
737 1599 767 1624 1.
782 1584 923 1637 Λεῖρον)
935 1584 1032 1636 λῆρον
1044 1587 1113 1623 W.
1142 1585 1164 1622 l.
1179 1599 1211 1622 2.
1226 1584 1415 1637 Θυγατρὶ)
1428 1585 1490 1623 Sic
1500 1586 1570 1623 W.
1582 1584 1626 1622 B.
1639 1598 1674 1624 2.

419 1639 466 1678 P.
482 1638 670 1690 Reliquae
685 1638 767 1676 edd.
781 1637 967 1695 δυγοιτρῆ.
1022 1639 1044 1676 l.
1059 1638 1094 1676 8.
1105 1635 1387 1687 “forestis-tama)
1404 1638 1468 1678 Sic
1478 1639 1548 1676 W.
1561 1638 1614 1676 Fl.
1627 1638 1674 1677 P.

420 1692 498 1731 διε.
510 1691 767 1742 Ἀποὸὴμοιτα
781 1694 880 1731 male
889 1695 927 1732 S.
939 1691 1028 1730 sola.
1044 1691 1090 1730 Et
1100 1692 1254 1739 mirum,
1267 1693 1370 1744 quod
1383 1693 1491 1744 Amst.
1507 1704 1585 1732 non
1596 1689 1676 1731 imi-

418 1755 496 1784 tata
510 1744 564 1785 sit.
591 1747 612 1783 Ι.
626 1759 684 1797 15.
699 1746 759 1784 col.
776 1760 810 1783 2.
824 1745 992 1798 Ψέλλια)
1003 1745 1125 1795 ψέλια
1136 1746 1193 1784 ed.
1208 1744 1308 1785 Cler.
1324 1746 1430 1785 male.
1459 1746 1481 1784 l.
1496 1745 1625 1785 16.col.
1640 1758 1675 1785 1.

419 1798 617 1851 Ποέκιλον)
643 1802 814 1837 ποικίλων
835 1811 923 1838 ante
938 1801 1091 1838 editum.
1113 1798 1276 1838 Solanus
1294 1802 1456 1838 ποικιλὶν
1475 1799 1560 1838 inde
1579 1797 1677 1838 fece-

419 1864 498 1897 rat,
513 1853 618 1903 quod
633 1853 685 1891 ita
698 1851 848 1892 secutus
863 1852 941 1892 sum
954 1884 966 1899 ‚
985 1865 1026 1892 ut
1040 1865 1175 1891 verum
1194 1865 1393 1893 accentum
1409 1864 1535 1892 tamen
1549 1851 1675 1892 serva-

420 1918 512 1945 rem.
528 1908 636 1958 Reitz.
693 1909 716 1945 l.
743 1921 803 1959 23.
816 1908 880 1945 col.
898 1921 932 1945 2.
948 1904 1187 1958 Εὖπίστριοι)
1209 1906 1270 1946 Sic
1288 1908 1338 1945 V.
1392 1908 1482 1960 Pag.
1498 1905 1582 1958 189.
1596 1907 1621 1945 l.
1638 1920 1673 1959 3.

421 1959 695 2014 Σκειρωωειοις)
711 1975 853 2012 empnam.
865 1961 919 1998 Fl.
929 1961 960 1996 V
969 1960 1121 2013 ulgatae
1134 1959 1380 2012 adstipulatur
1392 1961 1448 2000 M.
1501 1962 1573 1999 cad.
1584 1962 1674 2011 Ἐγ-

418 2013 701 2067 κα-ᾤικιὸαλος)
712 2015 759 2065 ἐγ
766 2011 1065 2064 κοιμψυιῆὃοιλος
1077 2015 1150 2052 W.
1194 2015 1217 2053 l.
1228 2027 1265 2063 7.
1276 2011 1516 2068 Αὖλοὺμενος)
1528 2015 1674 2063 ἀλώμε-

420 2080 477 2106 νος
492 2067 674 2108 Gronov.
694 2068 758 2107 Nil
773 2079 921 2107 mutant
934 2068 1016 2107 edd.
1029 2080 1101 2107 nec
1112 2067 1168 2106 M.
1209 2068 1232 2106 l.
1248 2081 1284 2119 9.
1296 2067 1495 2119 Koepmsss.)
1510 2066 1670 2118 umba

421 2121 492 2159 W.
521 2123 543 2160 l.
559 2135 616 2160 10.
633 2121 835 2171 Ποὸοστρ.)
851 2121 1136 2172 τουέκ-τμψ.
1165 2122 1189 2158 l.
1206 2135 1219 2159 1
1232 2135 1264 2160 1.
1276 2123 1338 2161 col.
1354 2122 1458 2174 2:¹0)
1471 2121 1615 2160 Aberat
1626 2121 1675 2160 ab

419 2174 546 2223 editis,
561 2176 602 2215 δι
618 2175 843 2221 κωμῩωνιζειν,
864 2189 934 2224 pro
948 2173 1110 2215 stoexwes.
1131 2175 1300 2214 Mutavit
1315 2186 1523 2228 utrumque
1545 2175 1674 2215 Solan.

420 2228 443 2267 l.
458 2242 472 2266 1
486 2241 514 2279 5.
527 2230 589 2268 col.
607 2243 637 2267 1.
650 2229 766 2280 Φασὶ)
781 2229 839 2269 Sic
854 2230 908 2268 M.
922 2229 1015 2269 Φησὶ
1028 2230 1080 2268 V.
1093 2229 1133 2268 δι
1146 2227 1243 2268 Cod.
1257 2229 1356 2268 Abb.
1394 2231 1466 2268 ead.
1477 2229 1539 2268 col.
1553 2243 1585 2267 2.
1600 2229 1674 2267 116-

419 2281 541 2334 σδης)
555 2282 616 2322 Sic
627 2282 729 2322 recle
741 2281 839 2322 Cod.
853 2283 955 2322 Abb.
969 2283 1009 2323 δι
1027 2284 1082 2322 Μ.
1101 2286 1154 2319 Πο
1169 2286 1237 2321 &m
1251 2284 1358 2322 edita.
1378 2283 1515 2323 Eadem
1536 2283 1673 2322 lacuna

417 2346 499 2373 erat
513 2336 552 2375 in
567 2337 618 2375 V.
633 2336 671 2375 δι
684 2337 772 2377 Exc.
788 2337 836 2377 G.
865 2338 889 2376 l.
906 2336 962 2378 18.
975 2338 1038 2376 col.
1055 2352 1089 2376 2.
1100 2336 1353 2389 Σκοπάδειον)
1367 2336 1575 2376 σκοπάὲιον
1584 2336 1671 2376 edit.

417 2385 520 2427 cler.
535 2390 701 2429 Mutavit
714 2403 761 2430 ex
775 2390 948 2431 Luciano
964 2390 1090 2430 Solan.
1131 2391 1208 2429 ibid.
1225 2390 1390 2436 Σκόπει)
1406 2390 1553 2431 Σκόπου
1569 2389 1669 2430 Cod.

417 2440 519 2480 Abb.
539 2457 668 2496 prave.
722 2444 744 2484 l.
762 2458 822 2483 20.
839 2446 900 2484 col.
917 2458 947 2483 1.
961 2441 1189 2498 Τραχῆλου)
1202 2443 1261 2484 Sic
1275 2455 1438 2484 mutarat
1451 2444 1577 2484 Solan.
1597 2457 1670 2495 pro

416 2500 630 2553 τραχήλων,
643 2498 748 2554 quod
759 2498 794 2538 in
809 2500 912 2540 editt.
923 2510 1016 2540 erat.
1072 2499 1152 2540 ibid.
1163 2500 1187 2540 l.
1203 2511 1264 2540 22.
1276 2497 1567 2554 ’Υπεβέοιλλοή
1581 2496 1673 2540 ὑπ’-ε
