1730 3326
187 200 290 247 IN
356 178 1126 247 DEMONACTEM.
1196 217 1280 264 543

27 287 118 342 quid
130 287 323 328 absurdius
337 287 406 327 dici
424 287 572 339 potest?
595 287 673 327 Nifi
687 285 810 327 forsan
825 284 961 337 δαῗμίι
975 301 1025 339 ’γε
1039 300 1059 325 a
1074 287 1194 339 prima
1209 301 1287 326 ma-

27 354 84 382 nu
98 342 223 382 fuerit.
233 341 394 381 ‘Sol-AN.
415 341 606 392 Θαυμάζω
619 339 778 380 voluiffe
789 341 913 393 legere
929 340 1127 385 Solarium,
1140 354 1186 379 ex
1201 342 1284 381 eius

26 406 120 436 nota
132 395 268 442 video;
292 394 377 434 licet
397 392 517 446 ipsum
533 404 754 433 contextum
773 406 852 433 non
873 394 1095 433 mutaverit:
1119 393 1177 432 sed
1193 396 1283 446 quia

22 447 158 488 deinde
171 447 306 487 reffius
321 447 491 494 coniicit,
515 448 630 486 etiam
649 445 785 497 θαῦμά
797 461 848 500 γε
861 446 932 499 legi
948 445 1064 499 posse,
1090 447 1177 486 ideo
1197 448 1285 487 vul-

25 513 152 556 gatam
167 499 342 540 intactam
355 500 503 552 reliqui.
529 499 670 539 Rem-z.

78 557 151 593 ead.
169 554 193 593 l.
210 568 242 605 5.
255 552 429 606 Ἡρώὲης)
444 554 596 592 Atticus.
622 551 749 592 Huius
763 552 928 592 Herodis
941 551 1101 601 Gellius,
1116 552 1280 605 Spartia-

23 619 111 656 nus,
123 606 279 646 Pausan.
295 607 332 645 δι
347 606 408 645 alii
425 607 648 652 meminere,
665 606 704 645 δι
720 604 889 644 philostr.
906 606 943 644 in
956 605 1116 656 Sophist.
1135 607 1281 647 COGN.

25 658 249 701 Notiffimus
262 660 322 699 hic
338 672 384 698 ex
402 659 644 705 Philostrato,
657 658 785 698 Gellio
799 659 838 698 δι
850 659 943 697 aliis.
968 659 1124 698 SOLAN.

81 716 155 752 ead.
169 715 239 753 l.6.
255 712 491 764 rlomsa‘mn)
506 713 627 764 Atqui
638 711 664 750 1.
682 711 1062 751 PolluxOnomastici
1077 714 1212 753 auftor
1223 726 1285 752 an·

26 779 100 806 nos
111 767 259 806 vixerat
271 765 408 812 LVIII,
420 766 512 805 teste
526 765 752 804 Philostrato
770 766 807 803 in
820 767 900 804 eius
913 765 990 804 vita
1007 768 1040 817 ρ’.
1057 780 1142 818 593,
1154 768 1191 806 δι
1205 768 1287 806 Sui-

27 820 88 859 da.
110 819 289 872 Cumque
299 820 550 872 epithalamium
568 818 789 858 Commodo
801 818 1009 871 Crispinam
1026 820 1181 858 ducenti
1193 819 1286 859 scri-

23 872 131 926 pfiffe
141 873 338 912 tradatura
350 872 476 919 Suida4
487 871 572 925 post
587 885 645 911 an.
655 871 746 910 Chr.
760 871 830 921 178
845 884 1038 911 mortuum
1051 884 1207 925 oportet
1220 873 1285 914 sta·

23 937 188 967 tuamus.
204 927 260 979 (V.
277 925 359 965 Dio
373 926 510 972 LXXI,
525 940 561 976 p.
574 924 595 964 8
606 940 665 973 14,
680 924 721 963 δι
732 924 895 976 Capitol.
913 926 1049 965 Marco
1063 939 1097 977 p.
1123 941 1196 978 134
1211 928 1283 981 A.)

24 979 152 1020 Immo
173 978 421 1019 Philostratus
447 980 492 1018 ad
515 979 720 1018 Commodi
747 977 860 1030 ipfius
883 978 1082 1030 imperium
1109 979 1259 1019 deducit
1270 1010 1284 1028 ,

25 1045 115 1073 cum
130 1033 260 1078 tradit,
280 1046 368 1072 eum
390 1031 565 1085 suggestu
577 1032 733 1071 Athenis
748 1033 795 1070 ab
810 1044 859 1071 eo
875 1031 1081 1072 donatum:
1110 1032 1225 1085 Soph.
1242 1048 1280 1086 p.

29 1099 116 1140 593.
131 1085 378 1127 Verissimum
399 1086 512 1139 igitur
524 1085 577 1125 est
589 1115 599 1133 ‚
615 1085 720 1137 quod
734 1098 755 1124 a
771 1084 981 1124 doffiffimo
996 1084 1206 1125 Philostrati
1219 1087 1284 1125 in-

24 1149 189 1193 terprete
201 1151 311 1179 acute
321 1138 569 1179 observatum
583 1138 656 1178 effe
669 1139 799 1186 video,
813 1138 928 1178 alium
942 1138 1137 1178 Pollucem
1150 1140 1283 1179 intelli-

23 1194 84 1247 gi,
104 1206 274 1247 eumque
292 1205 359 1232 aut
373 1192 545 1238 servum,
566 1204 631 1231 aut
645 1192 821 1231 libertum
838 1192 1015 1242 Herodis,
1030 1203 1071 1232 ut
1085 1192 1169 1232 vult
1184 1194 1228 1233 ad
1244 1204 1284 1247 p.

28 1245 120 1300 558,
138 1258 204 1287 aut
217 1257 318 1287 certe
332 1247 528 1286 alumnum
545 1244 816 1298 discipulumve
827 1274 837 1293 ,
851 1259 938 1286 cum
955 1246 1051 1286 inter
1071 1247 1284 1299 τροφίμους,

21 1313 124 1353 quos
136 1299 299 1352 impense
314 1309 507 1339 amaverat
519 1329 531 1346 ‚
555 1300 607 1338 ibi
622 1299 871 1339 recenseatur.
897 1299 959 1339 De
974 1300 1079 1339 luelu
1095 1300 1177 1340 eius
1193 1301 1283 1342 vide

23 1355 185 1393 omnino
207 1353 471 1393 philostratum
484 1354 522 1392 in
535 1365 636 1393 voce
647 1353 791 1392 Herod.
806 1365 890 1406 pag.
909 1353 995 1404 558,
1010 1354 1074 1393 ubi
1091 1354 1129 1393 δι
1144 1353 1284 1395 statuas

21 1408 200 1454 ,venantis
213 1406 372 1459 posuiffe
387 1408 440 1446 ait
451 1436 462 1453 ,
480 1406 587 1459 quod
599 1406 675 1446 huc
690 1405 812 1446 facere
826 1405 1010 1446 existimo.
1036 1406 1193 1446 SOLAN.

77 1464 152 1500 ead.
170 1462 194 1501 l.
208 1474 244 1511 7.
257 1461 432 1513 ’Όχημοι
445 1483 490 1490 -
509 1456 555 1499 ὥς
568 1460 698 1513 &⁹02ss.)
721 1460 866 1500 Locum
892 1460 994 1499 hunc
1015 1460 1109 1500 mire
1124 1460 1284 1502 illustrat

22 1512 234 1560 Philostrati
245 1514 355 1554 locus
367 1528 403 1567 p.
423 1513 493 1567 558
505 1542 517 1562 ‚
540 1514 610 1553 ubi
620 1515 666 1553 de
681 1516 755 1553 hoc
770 1512 850 1567 ipso
864 1512 1019 1553 Polluce
1033 1526 1119 1553 cum
1131 1515 1285 1556 Achille

21 1567 68 1607 ’ἃ
75 1568 300 1617 Memnone,
309 1580 408 1621 quos
418 1566 581 1620 impense
590 1568 763 1607 Herodes
772 1577 983 1614 amaverat,
992 1568 1113 1606 verba
1125 1567 1285 1619 faciens,

21 1620 164 1661 scribit:
186 1621 326 1662 εἰκόνας
340 1619 431 1675 ’γοῦν
445 1620 592 1661 ἀνετίθει
612 1620 708 1669 σφῶν
721 1620 922 1672 immineant,
942 1622 1007 1660 ml
1021 1621 1283 1672 τεθιιρεικὸτων,

21 1675 89 1715 καὶ
106 1674 348 1728 δηρσισόντων.
362 1677 436 1715 τὰς
452 1673 520 1724 μὲν
535 1674 568 1714 ἐν
582 1673 747 1727 Qumis,
766 1676 838 1714 τὰς
852 1673 888 1714 δ’
907 1673 968 1713 ἔπ’
984 1674 1134 1727 ἀγροῖς,
1148 1677 1221 1715 τὰς
1234 1674 1282 1715 Σὲ

25 1731 117 1782 πρὸς
130 1727 294 1783 πηγαῖς,
307 1730 380 1768 τὰς
396 1727 441 1767 ἒὲ
456 1723 530 1767 ὑπὶ
541 1728 667 1768 σκιαῖς
681 1727 896 1775 πλατάνων,
915 1724 979 1766 οὐκ
996 1728 1156 1778 ἀφανὸς,
1174 1730 1282 1769 ἀλλὰ

23 1781 88 1836 ξὺν
103 1782 211 1835 ἀραῖς
226 1781 290 1821 τοῦ
303 1781 582 1833 περικόψοντοζ,
597 1783 615 1821 ἢ
628 1780 841 1822 κινήσαντος.
866 1781 1024 1821 SOLAN.

75 1837 154 1875 ibid.
178 1835 418 1888 Ζεὺγνυσὲεαι
434 1832 562 1888 αὐτῷ)
588 1835 652 1874 An
668 1834 914 1883 Πολυδεύκη
936 1835 1103 1876 GUYET.
1126 1835 1187 1877 Cl.
1199 1835 1283 1877 Bel.

2 1911 3 1920 κ
19 1888 70 1930 de
82 1889 175 1930 Ball.
189 1890 278 1943 legit
291 1887 394 1939 αὐτῷ
405 1888 598 1941 adspirate.

74 1946 149 1983 ead.
161 1944 184 1982 l.
198 1943 234 1983 8.
257 1942 413 1983 Δεῖπνον
427 1942 618 1995 παραυ-κ.)
633 1941 735 1981 Idem
753 1941 837 1982 aliis
849 1941 976 1983 verbis
990 1941 1087 1983 infra
1109 1943 1124 1993 §
1143 1958 1186 1996 33
1201 1974 1212 1992 ‚
1233 1941 1282 1984 ὥς

25 1995 172 2049 ζῶντας
188 1995 329 2046 ἔστιᾷν.
343 1996 461 2035 Sedin
473 1994 560 2035 Αὲὶ.
573 1994 706 2048 Apost.
718 1996 767 2044 X,
782 2009 842 2043 10,
857 1996 921 2035 noe}
933 1994 1034 2036 ἤθελε
1046 1998 1281 2050 ‘yades-aceram·

23 2048 380 2102 παράσκευοιζόντων
391 2049 434 2089 Σὲ
450 2049 790 2097 ἒκείνων,ἑπέπεσεν
805 2050 865 2088 ἐπ’
877 2045 997 2089 αὐτὸν.
1009 2049 1072 2089 Ad
1111 2064 1183 2090 uae
1198 2064 1284 2091 ver-

3 2127 5 2130 *
22 2103 72 2144 ba
86 2103 183 2144 Elsn.
196 2104 270 2144 hoc
290 2103 447 2143 Luciani
460 2103 640 2155 aliudque
656 2116 704 2142 ex
725 2102 871 2155 Catapl.
892 2102 1046 2156 aliisque
1062 2117 1081 2143 a
1115 2114 1171 2144 ert
1184 2135 1194 2151 ‚
1215 2104 1283 2157 qui

23 2158 163 2214 probet
175 2157 534 2210 παραμευέιζεσῖδσιι
554 2155 626 2196 effe
636 2171 757 2207 parare
765 2158 846 2210 quid
859 2158 893 2195 in
912 2158 1106 2210 prandium.
1137 2158 1281 2198 REsz.

56 2211 60 2214 “
77 2214 152 2251 ead.
165 2211 189 2251 l.
206 2225 263 2261 ¹4·
277 2206 318 2250 ‘O
334 2209 372 2249 θ’
387 2209 519 2263 αὐτὶς)
533 2210 709 2250 Vorstius
720 2210 773 2259 τῷ
784 2210 821 2251 <5⁹
835 2208 948 2260 αὐτῷ·
959 2209 1020 2250 sed
1029 2210 1180 2260 frustra,
1192 2225 1283 2252 cum

24 2264 172 2306 constet
189 2264 338 2305 Herodi
349 2263 469 2305 filium
483 2264 638 2304 unicum
654 2263 786 2310 fuiffe,
809 2277 922 2317 quem
945 2263 1176 2318 superstitem
1197 2265 1284 2305 reli-

25 2319 123 2371 quit.
136 2318 225 2358 Vid.
235 2317 406 2358 philostr.
420 2332 456 2372 p.
473 2317 558 2372 558.
572 2317 635 2358 De
652 2319 787 2359 eodem
799 2319 916 2358 credo
926 2317 977 2358 A.
991 2318 1161 2360 Gellium
1174 2319 1284 2373 loqui

23 2371 142 2421 XIX,
165 2386 225 2411 12.
249 2370 406 2411 SOLAN.

80 2426 158 2465 ibid.
170 2425 264 2465 Ὕὼν
276 2425 393 2473 πενθ.)
409 2424 654 2467 Philostratus
667 2425 790 2472 tradit,
802 2425 956 2466 unicum
972 2426 1006 2466 ei
1022 2424 1129 2465 fuisse
1143 2425 1261 2465 filium
1278 2435 1288 2439 ⁴

19 2480 92 2539 gui
106 2479 205 2533 patti
216 2478 402 2540 superstes
416 2478 512 2530 fuit,
535 2494 574 2536 p.
596 2494 612 2534 5
625 2480 683 2535 58.
704 2480 776 2523 Sed
788 2480 890 2534 idem
903 2480 947 2522 de
958 2479 1113 2523 Polluce
1127 2455 1288 2535 aliisque}
