1730 3326
413 196 503 255 462
607 196 1482 249 ANNOTATIONES

461 290 536 328 ead.
549 288 572 327 l.
589 303 624 337 4.
642 289 876 341 Ἐναγῶνιος)
890 288 1006 329 Conf.
1021 289 1131 343 supra
1149 291 1164 340 §
1183 306 1205 330 2
1217 290 1244 330 f.
1256 291 1413 332 SOLAN.

466 342 539 379 ead.
554 343 577 380 l.
598 355 634 391 7.
646 337 730 381 ’Ότι
754 344 864 382 πόλις
881 344 915 382 ἐν
931 343 1098 396 Ἰταλίᾳ)
1119 344 1321 397 Neapolim
1342 345 1458 384 credo
1478 343 1676 397 intelligitg

411 407 513 446 quae
527 407 548 433 a
562 394 742 435 Cumaeis
753 397 906 436 condita
918 395 998 435 fuit.
1013 395 1161 436 Cumae
1173 410 1269 437 vero
1288 399 1437 438 Italicae
1449 397 1671 438 Chalcidem

413 448 453 491 in
467 448 625 487 Euboea
635 450 864 501 metropolin
875 449 1145 501 agnoscebant:
1160 451 1200 490 δι
1215 451 1398 504 Neapolis
1409 461 1544 504 utpote
1554 450 1674 492 Grae·

412 514 458 540 ca
477 500 627 540 scenicis
648 502 689 540 &
711 504 904 555 gymnicis
923 502 1259 543 exercitationibus
1280 505 1403 544 dedita
1419 515 1514 544 erat.
1534 504 1627 544 Ideo
1647 516 1671 542 a

411 553 572 594 Nerone
591 555 730 601 eleeta,
750 556 817 604 ubi
835 556 1000 608 primum
1021 556 1057 593 in
1079 556 1225 596 scenam
1244 558 1392 609 publice
1414 558 1607 610 prodiret,
1628 568 1672 596 ut

414 619 524 646 notat
539 608 744 648 Cornelius
755 609 913 648 Tacitus
934 609 1123 648 annalium
1138 610 1284 650 decimo
1305 611 1456 662 quinto.
1469 611 1603 662 Itaque
1620 622 1672 649 ex

414 662 491 700 hoc
505 661 597 701 loco
612 663 789 713 colligere
803 662 888 701 licet
899 692 910 706 ,
926 662 1160 702 saltationem
1174 663 1392 703 theatralem
1405 676 1428 703 a
1438 663 1602 717 Neapoli
1611 675 1674 703 to-

413 715 442 755 ti
456 715 581 754 Italiae
594 716 763 753 traditam
778 714 893 754 fuiss'e.
907 714 1040 755 PALM.

413 821 444 862 B
466 764 544 807 ibid.
560 768 672 807 Πόλις
687 769 721 808 ἐν
734 768 894 822 Ἰταλίᾳ)
911 769 1017 808 Haec
1030 768 1120 808 urbs
1133 767 1336 810 Chalcidici
1349 770 1498 822 generis
1510 769 1675 811 Cumae.

448 832 587 861 OURD.

466 877 539 914 ead.
552 876 574 914 l.
594 890 608 914 1
619 889 652 914 2.
664 875 800 914 Πολλοὶ
812 874 909 928 &c.)
923 875 1012 914 Vid.
1027 875 1167 914 Athen.
1183 876 1292 922 XIV,
1304 877 1345 916 &
1355 875 1501 917 Polluc.
1513 875 1673 917 SOLAN.

469 931 544 967 ead.
557 929 581 967 l.
601 943 660 981 13.
673 928 740 966 Τὴν
755 930 935 968 πλείστην
948 928 1170 982 διατριβὴν)
1185 930 1258 970 Hic
1281 929 1473 970 Pollucem
1495 930 1673 984 perstrin-

416 993 508 1035 gere
521 982 682 1023 videtur.
694 983 782 1021 Vid.
800 982 1001 1022 Onomast.
1021 983 1064 1022 L.
1077 983 1150 1030 lv,
1163 982 1200 1022 S.
1215 997 1264 1036 99
1279 983 1316 1022 δι
1331 982 1430 1035 seqq.
1444 993 1498 1022 LA
1512 982 1675 1023 CnozE.

470 1038 543 1075 ead.
560 1036 584 1075 l.
601 1036 657 1075 16.
671 1035 951 1088 Πολυμοιθείας)
963 1035 1062 1076 Cum
1076 1038 1211 1088 paucis
1224 1035 1393 1076 verslbus
1407 1049 1494 1076 ante
1505 1036 1675 1086 ἀμαθίας

417 1100 545 1130 tamen
561 1089 644 1128 edd.
666 1089 829 1128 habeant
843 1120 854 1136 ‚
867 1088 990 1128 forsan
1013 1089 1054 1128 δι
1074 1090 1134 1130 hic
1150 1089 1387 1140 πολυμαθίας
1397 1102 1576 1142 quoque,
1592 1101 1674 1129 non

416 1142 693 1193 πυλυμαθείας,
705 1143 960 1182 exhibendum
977 1156 1065 1182 cum
1080 1145 1150 1183 W.
1171 1143 1243 1183 Sed
1258 1144 1345 1196 quia
1360 1143 1401 1182 δι
1418 1143 1506 1182 alibi
1520 1144 1559 1181 in
1573 1142 1675 1182 {imi-
1728 1170 1730 1178 .

418 1196 518 1236 libus
532 1198 652 1235 variat
666 1195 865 1248 scriptura,
881 1209 922 1235 ut
936 1197 951 1246 §
967 1211 1011 1249 23
1034 1197 1216 1236 σταιὲειὲιν
1229 1197 1269 1237 &
1287 1195 1467 1244 oretisrbw,
1481 1196 1677 1249 antiquio·

417 1263 502 1342 hum
514 1250 606 1341 ἑάἀ.
629 1248 854 1289 consensum
878 1251 916 1288 in
938 1250 1151 1290 huiusmodi
1174 1251 1343 1291 vocibus
1365 1249 1471 1304 sequi
1490 1249 1581 1290 nihil
1603 1249 1678 1294 ob-,
1727 1285 1730 1292 .

452 1314 499 1342 at.
554 1314 658 1342 ΕΠΖ.

474 1357 562 1408 Pag.
580 1370 664 1409 ¹43·
682 1357 706 1394 l.
720 1370 755 1395 2.
766 1354 962 1406 Ὀψιμαθῆ
970 1357 986 1409 )
1001 1356 1236 1407 Ὀιψιμαθεῒς,
1244 1356 1312 1409 fieri
1324 1357 1521 1411 studiorum.
1532 1357 1676 1398 Horati

417 1409 493 1450 Sat.
507 1410 548 1456 l,
563 1423 621 1449 xo.
638 1410 740 1450 Huic
752 1409 934 1449 ἀντιθετον
951 1410 1216 1459 πκιθομαθεΐς.
1229 1412 1392 1450 VORST.

472 1467 548 1502 ead.
564 1465 588 1502 l.
601 1463 639 1503 8.
655 1463 918 1517 Γενικωτέρας)
932 1465 1135 1503 Mutarunt
1149 1465 1195 1503 B.
1213 1479 1247 1503 2.
1269 1466 1311 1504 &
1330 1465 1374 1503 P.
1386 1463 1485 1503 Vide
1503 1461 1615 1517 supra
1626 1461 1676 1502 ad
1728 1509 1730 1520 Ι

422 1530 455 1556 c.
472 1532 532 1557 22.
543 1517 701 1557 SOLAN.
712 1518 803 1556 Vid.
819 1517 918 1570 supr.
937 1522 957 1567 ᾗ
973 1532 1033 1557 22.
1048 1518 1094 1557 Et
1107 1517 1330 1570 cognosces,
1342 1530 1461 1571 quare
1474 1518 1549 1557 hoc
1563 1529 1677 1570 praef

417 1571 538 1611 latum
554 1570 597 1610 fit
611 1584 700 1625 prae
711 1574 978 1623 γεννικωτέρας
993 1572 1135 1623 duplici
1146 1587 1162 1610 ν
1175 1583 1344 1612 exarato.
1356 1572 1502 1611 Rtrrz.
1727 1595 1730 1614 :

474 1628 548 1664 ead.
561 1627 584 1663 l.
600 1640 613 1663 1
625 1639 657 1663 2.
670 1623 924 1677 Ἐπιέιὸὂναι)
937 1622 1052 1664 Conf.
1068 1625 1165 1677 supr.
1182 1639 1197 1664 1
1216 1627 1308 1664 Ver.
1322 1625 1417 1665 Hist.
1430 1638 1463 1664 c.
1475 1625 1514 1670 6,
1526 1623 1567 1663 &
1578 1623 1677 1663 Her·
1728 1632 1730 1634 '

421 1690 516 1717 mot.
530 1691 610 1731 cap.
627 1693 687 1726 24.
701 1678 777 1718 Ubi
794 1679 968 1731 opposita
983 1680 1044 1718 illa
1068 1679 1185 1718 verba
1204 1678 1384 1719 ἐνὸιὲόναι
1404 1679 1444 1718 &
1464 1677 1677 1718 ἐπιδιδόναι

420 1733 544 1772 obiter
565 1733 809 1785 explicamus.
823 1733 897 1771 Hic
917 1732 1026 1785 plura
1040 1745 1118 1772 non
1138 1733 1332 1779 addimus,
1348 1733 1438 1785 quia
1458 1743 1551 1771 nota
1571 1731 1676 1770 arbi-

419 1797 576 1825 tramur.
589 1786 734 1825 REITz.

473 1842 546 1878 ead.
568 1841 591 1877 l.
610 1854 668 1892 13.
681 1841 794 1878 Κατὰ
811 1840 873 1878 τὶν
886 1839 1101 1891 Σεβαστὸν)
1116 1837 1281 1880 Godofr.
1296 1839 1509 1890 Maluynus
1521 1835 1676 1878 clariffi-

422 1906 508 1932 mus
528 1893 688 1934 Senator
702 1894 875 1938 monuit,
897 1894 1140 1946 interpretem
1156 1894 1298 1932 iudicio
1314 1893 1355 1932 δι
1374 1893 1498 1932 oculis
1517 1891 1678 1932 abusum
1728 1903 1730 1938 ξ

419 1946 492 1986 suis
503 1977 515 1992 ‚
530 1948 621 1987 dum
637 1947 701 1986 ista
713 1948 825 1986 vertit
837 1978 847 1993 ‚
865 1963 920 1986 nec
933 1948 1039 1986 minus
1054 1949 1092 1985 de
1102 1948 1140 1999 se
1151 1948 1308 1986 exhibens
1327 1947 1536 1986 reverentiae.
1551 1945 1581 1984 F
1583 1958 1675 1985 rau·
1728 1994 1730 1999 Ι

420 2001 459 2040 di
474 2000 561 2048 fuit,
578 2012 675 2054 puto
687 2031 699 2049 ,
713 2003 817 2053 quod
838 1999 973 2040 Graeci
988 2001 1207 2040 nominibus
1222 2001 1385 2053 propriis
1399 1999 1621 2039 maiusculas
1635 1999 1675 2038 li-

420 2067 521 2094 teras
535 2053 741 2108 praefigere
755 2054 999 2105 neglexerint.
1014 2054 1156 2094 Dicere
1167 2055 1308 2100 debuit,
1319 2055 1492 2108 praecipue
1501 2054 1590 2093 circa
1599 2055 1675 2092 Au-

419 2110 504 2160 gusti
522 2122 660 2162 tempus.
680 2108 849 2147 Bouim.
866 2110 963 2147 Vide
983 2108 1146 2148 (Lasaub.
1162 2109 1206 2148 ad
1222 2109 1360 2147 Athen.
1383 2108 1438 2154 ΙΙ,
1455 2120 1538 2160 pag.
1554 2120 1616 2156 51,
1634 2107 1676 2146 &
1728 2102 1730 2110 ’

419 2161 534 2208 XIV,
546 2177 582 2214 p.
601 2165 644 2214 56
675 2163 849 2202 ,ΥΟ-351·
876 2163 983 2201 Adde
994 2162 1094 2201 Suid.
1111 2175 1198 2201 cum
1218 2163 1318 2201 nmis
1330 2193 1341 2209 ,
1355 2161 1394 2200 &
1411 2161 1534 2201 Corn.
1548 2161 1678 2200 Tacit.

422 2216 472 2256 A.
490 2215 528 2262 1,
547 2229 617 2268 54,
638 2177 678 2255 ἕξ
700 2218 733 2253 in
749 2229 836 2255 eum
859 2215 987 2256 locum
1011 2215 1124 2267 Lipsti
1145 2227 1287 2255 notam.
1301 2214 1458 2254 SOLAN.
1480 2218 1591 2254 Κειτὲι
1615 2218 1677 2255 ‘thr
1728 2214 1730 2227 '

419 2268 640 2321 Σεβαστὸν)
660 2271 745 2308 Hoc
760 2271 858 2308 enim
874 2283 999 2310 rerum
1013 2270 1182 2321 potiente
1197 2270 1327 2310 floruit
1340 2269 1500 2321 Pylades
1511 2298 1524 2314 ‚
1537 2269 1583 2308 de
1594 2279 1676 2321 quo

421 2335 503 2364 tum
525 2323 595 2362 alia
614 2324 789 2362 Mam-ob.
811 2324 885 2362 Sat.
905 2338 925 2362 2
939 2354 950 2370 ‚
965 2338 1004 2370 7,
1021 2336 1102 2363 tum
1117 2323 1223 2370 illud,
1240 2325 1314 2362 Hic
1332 2324 1412 2375 quia
1418 2322 1591 2374 ferebatur
1601 2335 1686 2364 mue

423 2378 506 2428 taſjb
521 2378 613 2415 rudis
626 2377 922 2427 1'.1¹‹f.'lm·.rronis
937 2379 1033 2416 ritum
1043 2409 1055 2424 ‚
1070 2393 1153 2430 quae
1166 2379 1261 2429 apud
1272 2378 1410 2416 maiores
1426 2379 1461 2414 vi
1513 2377 1555 2423 ἰ,
1612 2389 1678 2414 νε·
1728 2374 1730 2379 ’

422 2433 497 2481 711.st
508 2447 551 2469 zm
569 2431 734 2481 helima-572·
751 2433 948 2477 novitatem,
964 2433 1184 2482 interrogatus
1198 2432 1241 2469 ab
1256 2433 1422 2484 Augusto,
1437 2391 1555 2481 gae
1569 2428 1677 2468 salta·
1727 2430 1730 2448 ³

424 2485 518 2523 tioni
533 2485 769 2523 coutusszlleti
789 2486 976 2537 responait,
991 2481 1110 2525 Αὐλῶν
1123 2488 1307 2538 συρίγγων
1321 2485 1356 2524 τ’
1369 2485 1516 2530 ἐνοπὴν,
1533 2481 1637 2534 &gaas
1641 2483 1679 2528 61,
