1730 3326
405 247 499 307 356
607 245 1476 297 ANNOTATIONES

402 348 484 388 cap.
501 349 522 373 2
536 335 648 375 huius
659 337 854 383 Abdicari,
866 337 954 376 item
966 336 1080 376 finem
1094 336 1258 377 eiusdem
1269 352 1281 386 3
1303 338 1361 378 sed
1376 339 1426 378 ibi
1443 346 1511 392 per
1522 336 1612 394 χθὲὲ·
1623 341 1666 383 8:

402 391 522 440 πρώην
535 387 692 429 effertur
708 393 747 428 τὶ)
762 389 953 444 ἔναγχος
978 403 1105 443 neque
1124 393 1254 443 magni
1269 392 1323 431 est
1340 395 1525 432 momenti
1538 424 1548 437 ,
1571 396 1667 435 alio-

401 443 493 494 quin
508 442 643 482 &loca
660 444 731 482 alia
744 443 994 492 ostenderem,
1004 444 1064 482 ubi
1081 444 1271 495 ἔναγχος,
1284 447 1390 498 quod
1402 446 1539 487 Noster
1549 460 1665 497 amat,

401 498 594 542 occurrit,
609 509 652 535 ut
666 499 781 549 princ.
804 499 920 536 Zeux.
938 499 979 537 δι
990 498 1086 535 alibi.
1106 496 1254 536 Rmrz.

459 553 535 588 ead.
552 550 575 590 l.
587 564 624 600 9.
642 550 723 590 Τοῖς
733 550 909 590 τοιούτοις
922 547 1021 589 εὐθὺς
1036 551 1263 600 ἀμείβεσθαι
1275 548 1343 590 τῆς
1358 552 1563 604 &sparsione
1575 554 1666 594 ἑκεί-

403 608 478 650 rm,
492 599 571 643 οὗθ’
583 602 644 644 ἕνα
663 603 773 655 λόγον
786 603 949 656 ἔχοντα)
966 603 1168 656 Distingue
1183 604 1299 643 verba
1312 604 1385 643 hoc
1397 607 1533 646 modo:
1547 609 1667 647 Τοιοῡ.

402 669 480 695 τοις
496 653 593 696 sieta
617 657 841 706 ἀμεὶβεσθαι
850 687 861 705 ,
889 655 958 696 τῆς
976 657 1179 709 δέρω-τείας
1197 657 1330 696 ἐκείνης
1355 654 1437 698 ods’
1461 656 1523 699 ἕνα
1545 662 1663 713 λόγον

399 708 557 761 ἔχοντα.
570 711 690 750 Paulo
702 710 805 763 post:
821 711 984 750 ἐλαύνειν
997 714 1059 749 τὀν
1075 711 1286 759 ἔφυτε-θέντα
1300 711 1373 751 &c.
1390 723 1504 752 vetto
1515 744 1527 760 ‚
1538 726 1578 751 ut
1588 716 1664 754 abi·

396 777 460 815 gat
470 779 555 810 eum,
568 765 625 816 qui
636 765 704 802 iure
712 765 813 816 poffit
821 764 939 802 laetari
948 780 999 810 eo,
1014 766 1104 816 quod
1111 765 1236 803 iniuria
1242 764 1362 815 ficerat
1370 766 1497 804 eieaus.
1509 766 1658 808 L.Bos.

453 820 525 855 ead.
537 818 560 854 l.
580 830 592 854 r
606 831 636 855 1.
652 819 847 862 Ἐλιιυνειν,
864 819 927 856 τὶν
947 817 1137 863 ἐφησθέντ’
1151 816 1195 855 biv
1207 816 1376 866 simiae,
1388 817 1439 866 ἐφ’
1451 815 1505 859 οἷς
1517 819 1662 861 &sime
1724 840 1725 845 ¹

397 869 638 923 ἐξεβέβλητο)
663 870 753 910 Non
768 869 883 910 video
894 899 905 915 ,
926 883 1007 922 quo
1022 870 1136 923 ρειέὶο
1157 870 1252 910 haec
1265 871 1317 910 ita
1333 873 1528 925 potuerint
1542 875 1661 914 vertit

403 945 449 953 -—
461 937 501 963 ut
510 925 624 976 abIgat
633 940 721 970 eum,
733 925 789 977 qui
798 925 920 975 iurefit
929 925 1118 976 obsecutus,
1128 940 1202 963 cum
1211 937 1341 978 praeter
1350 926 1404 963 Ius
1412 926 1587 966 diceretur.
1600 927 1661 968 Ex

396 976 471 1017 hac
484 978 660 1018 verfione
673 990 914 1031 nequaquam
929 989 1031 1031 patet
1046 977 1203 1017 Luciani
1219 991 1324 1017 mens
1335 1010 1346 1025 ‚
1363 992 1463 1032 quae
1482 980 1574 1020 haec
1585 980 1659 1022 est:

396 1043 437 1070 ut
454 1033 572 1083 abigat
591 1047 679 1078 eum,
702 1032 759 1086 qui
769 1033 839 1070 iure
848 1034 946 1084 poffit
957 1032 1074 1070 laetari
1092 1047 1141 1080 eo,
1164 1035 1256 1084 quod
1265 1032 1389 1071 iniuria
1395 1031 1514 1084 filet-at
1529 1035 1658 1074 ciel-Ius.

396 1083 609 1125 Vmum.
625 1084 837 1136 ’Ecpno-Be‘vr’
857 1085 1011 1133 habent,
1027 1085 1132 1139 quod
1151 1085 1280 1131 sciam,
1294 1098 1427 1126 omnes
1439 1101 1448 1127 :
1462 1097 1565 1127 certe
1579 1090 1661 1128 n'on

394 1139 476 1177 vidi
492 1151 711 1178 annotatam
721 1139 957 1179 varietatem.
971 1138 1242 1192 interpretatus
1253 1139 1306 1178 est
1320 1139 1507 1188 Erasmus,
1519 1141 1577 1194 qui
1589 1142 1662 1181 iure

386 1194 437 1243 fit
448 1193 640 1244 obsecutus.-
657 1205 782 1245 neque
794 1203 944 1231 mutant
953 1192 1192 1246 posteriores,
1202 1192 1267 1232 nisi
1275 1194 1381 1246 quod
1393 1194 1507 1234 video
1515 1194 1659 1235 solano

392 1245 586 1298 placuisse,
600 1246 658 1301 qui
671 1247 792 1297 inrisit
806 1246 994 1297 obsecutus,
1006 1246 1109 1300 quasi
1125 1247 1197 1299 legi
1214 1247 1328 1286 vellet
1345 1260 1418 1300 pro
1431 1247 1586 1288 sanaim
1598 1247 1660 1288 ‹5¹1-

391 1300 521 1338 naim.
539 1299 621 1352 Ego
637 1311 734 1339 vero
745 1329 754 1345 ‚
768 1312 882 1351 quem
895 1300 1022 1339 locum
1040 1301 1099 1339 hic
1113 1302 1285 1340 obtinere
1297 1302 1468 1354 potuerit
1483 1302 1658 1350 {mitet-35⁹-

392 1366 461 1400 τοι,
475 1353 584 1405 plane
596 1365 673 1392 non
689 1353 805 1393 video
814 1365 826 1400 3
841 1366 930 1391 curn
947 1354 1006 1392 vis
1019 1354 1102 1393 eius
1113 1354 1221 1393 verbi
1234 1355 1279 1393 ad
1291 1353 1515 1408 obsequium
1531 1355 1659 1403 inviti,

391 1406 503 1446 'tristis
515 1436 524 1453 ‚
546 1405 718 1459 queruli,
738 1407 927 1459 pertinere
951 1415 1030 1446 non
1052 1406 1174 1459 poffit.
1199 1407 1418 1459 Quomodo
1442 1408 1584 1461 quaeso
1597 1409 1660 1448 θι-

391 1461 507 1499 καίως
517 1462 665 1499 ἅείεέέανὶ
676 1459 814 1513 potest,
825 1460 1033 1508 abdicatus,
1045 1472 1089 1499 ut
1098 1459 1167 1499 fibi
1179 1462 1341 1507 videtur,
1351 1461 1509 1501 iniuste?
1521 1462 1658 1515 Neque

390 1514 493 1553 enim
505 1515 550 1554 de
561 1527 735 1567 martyre
746 1513 809 1553 vel
820 1513 1032 1554 confessore
1039 1513 1255 1554 Christiano
1267 1513 1390 1554 sermo
1403 1513 1469 1562 est,
1483 1515 1551 1568 qui
1565 1528 1659 1568 gau.

390 1568 492 1617 dem,
511 1567 578 1607 fibi
600 1567 798 1621 contigisse
818 1579 860 1607 ut
876 1568 1038 1621 patiatur
1057 1568 1195 1621 aliquid
1215 1569 1290 1608 &c.
1312 1568 1441 1608 Multo
1455 1570 1581 1609 minus
1597 1569 1659 1609 Sr-

393 1623 513 1661 κιιίοις
523 1622 657 1662 locum
669 1622 804 1667 habet,
817 1628 904 1661 cum
915 1653 926 1670 ‚
940 1621 1112 1661 iniustam
1126 1621 1232 1661 fuisse
1246 1622 1411 1674 priorem
1423 1630 1583 1676 quoque
1593 1623 1659 1662 abs

390 1675 621 1727 dicationem
632 1705 646 1722 ,
691 1682 786 1715 onat
798 1674 908 1715 filius.
924 1674 1060 1715 Verbo
1069 1707 1080 1724 ‚
1097 1675 1204 1715 locus
1216 1675 1423 1728 planissime
1431 1682 1635 1730 corruptus
1644 1708 1659 1724 ,

386 1733 465 1768 'nec
472 1742 569 1769 vero
582 1729 667 1769 sana
695 1730 755 1769 ilis
767 1729 983 1776 difficulter,
993 1728 1020 1768 si
1033 1731 1073 1770 &
1083 1737 1307 1769 contextum
1320 1730 1506 1770 orationis
1518 1730 1557 1769 in
1564 1743 1660 1771 con-

383 1781 512 1822 'silium
524 1782 714 1830 adhibeas,
723 1783 762 1823 &
772 1783 929 1835 cogites,
937 1781 1065 1822 seculo
1074 1784 1134 1836 (ut
1142 1791 1260 1823 vocat
1268 1782 1480 1823 Bernardus
1488 1784 1526 1823 in
1534 1785 1661 1823 erudi-

393 1847 430 1875 ta
447 1837 510 1876 illa
524 1835 672 1890 tabula)
687 1836 828 1877 Leonis
841 1835 1006 1883 Isaurici,
1019 1837 1055 1876 h.
1069 1848 1101 1877 e.
1118 1837 1263 1877 ociavo
1272 1836 1500 1886 Christiano,
1514 1837 1658 1891 figuras

389 1888 589 1931 literarum
602 1906 620 1930 ε
629 1891 708 1942 διμ
719 1891 888 1942 itemque
896 1904 929 1940 φ
940 1890 980 1930 δι
992 1906 1008 1930 v
1020 1890 1163 1930 misceri
1175 1899 1255 1930 non
1267 1891 1470 1931 difficulter
1480 1891 1657 1944 potuisse.

392 1944 612 1998 Legendum
624 1946 786 1985 omnino
793 1945 961 1991 videtur,
971 1948 1032 1983 ‘rhu
1040 1944 1239 1994 ωηο-ἄντ’
1255 1944 1300 1983 ἂν
1309 1944 1477 1984 sanaem·
1496 1945 1547 1984 sic
1559 1947 1659 1998 opti-

393 2011 456 2038 me
471 2011 646 2039 connexa
658 1999 697 2039 δι
708 1999 910 2039 Lucianice
924 1998 1100 2038 dex⁷in6ia
1110 1999 1185 2038 erit
1193 1999 1323 2038 oratio
1332 2028 1343 2044 ,
1361 1999 1467 2052 quod
1479 2011 1527 2038 ex
1541 2000 1658 2039 inter·

391 2054 610 2105 pretatione
619 2053 746 2093 nostra
757 2052 987 2105 intelligitur:
998 2065 1070 2092 nec
1080 2051 1230 2098 dubito,
1238 2051 1453 2092 addiauros
1462 2051 1549 2101 effe,
1558 2051 1588 2091 fi
1597 2065 1658 2092 ex-

389 2106 486 2146 stent
495 2108 535 2147 δι
547 2108 803 2154 excutiantur,
816 2108 979 2146 maiores
992 2105 1122 2146 seculo
1133 2105 1284 2146 Isaurici
1298 2106 1472 2146 Codices.
1494 2105 1625 2146 GtsN.

384 2170 387 2172 ·
445 2159 536 2213 Pag.
553 2160 610 2200 18.
619 2163 642 2200 l.
659 2168 715 2210 14.
729 2165 849 2214 1·va
850 2159 946 2214 άνοι)
957 2159 995 2199 Ρ.
1008 2160 1097 2200 &L
1110 2159 1151 2198 ln
1162 2161 1268 2213 reliq.
1277 2159 1657 2214 ‘ru-yxo'everOLAN.

445 2215 537 2266 Pag.
561 2227 618 2268 ¹9·
635 2215 657 2254 l.
674 2229 708 2254 2.
731 2215 857 2265 Μεῖζον
876 2236 920 2244 —
942 2211 1173 2267 εὐεργεσίαν)
1197 2212 1431 2253 Admififfem
1450 2213 1656 2254 lestionem

393 2268 572 2322 marginis
587 2264 748 2308 Aldinae
756 2268 885 2319 μείζω,
895 2270 985 2321 quia
1001 2267 1050 2307 sic
1064 2267 1196 2307 melius
1210 2281 1299 2307 cum
1312 2267 1528 2321 εὐεργεσίαν
1543 2269 1579 2306 in
1592 2280 1657 2321 ge.

389 2333 481 2362 nere
493 2322 578 2362 fem.
593 2323 797 2374 convenit3
808 2321 868 2361 sed
879 2322 969 2374 quia
976 2322 1091 2361 etiam
1103 2321 1352 2374 suspicabitur
1360 2322 1510 2374 aliquis,
1519 2321 1653 2373 μεῖζον·

377 2388 478 2428 cum
493 2375 727 2430 apostropho
743 2385 814 2430 pro
828 2377 977 2427 μειζονα
991 2373 1096 2430 posse
1110 2375 1208 2428 legi,
1229 2375 1382 2415 lecioris
1398 2375 1558 2415 arbitrio
1573 2386 1656 2415 rem

391 2431 611 2481 permittere
626 2430 763 2476 malui,
786 2429 851 2469 etsi
865 2429 941 2469 scio
951 2460 964 2476 ‚
984 2430 1072 2469 alibi
1088 2439 1130 2469 ut
1144 2429 1403 2470 indeclinabile
1416 2441 1576 2483 quoque
1586 2442 1656 2471 oc·

395 2497 548 2527 currere
556 2485 685 2536 μείζω,
706 2484 805 2523 unde
819 2485 905 2537 quis
921 2484 1115 2531 conficiat,
1134 2483 1247 2523 etiam
1260 2483 1380 2534 μεῖον
1395 2482 1445 2523 sie
1457 2482 1630 2536 usurpari
1639 2497 1653 2531 ;

389 2536 451 2578 sed
468 2539 541 2579 hoc
556 2551 635 2579 non
650 2537 834 2579 satisfacit.
849 2537 911 2577 De
918 2537 1029 2589 μείζω
1042 2538 1239 2578 Mercerus
1252 2538 1295 2576 ad
1305 2535 1489 2577 Aristaen.
1502 2535 1605 2590 epist.
1619 2537 1654 2586 Ι,
