1730 3326
370 225 470 273 370
577 200 1447 251 ANNO‘TATIONES

371 286 532 338 vulgata
543 296 703 337 quoque
713 282 799 322 satis
813 281 972 334 intelligi
984 280 1063 320 fine
1075 292 1219 320 mutata
1229 280 1469 321 distinetione
1480 286 1651 334 poteram·

374 350 416 378 at
432 351 533 378 nunc
545 337 682 377 melior
697 348 826 376 tamen
839 335 904 375 est.
918 335 1043 387 Quod
1056 346 1185 374 autem
1200 335 1296 374 idem
1314 334 1424 385 supra
1440 347 1651 374 occurrere

374 388 450 438 ait,
462 392 498 430 id
511 390 626 430 solam
643 391 699 429 ed.
717 391 808 428 lunt.
821 389 991 442 respicit,
1007 401 1122 440 quam
1139 388 1201 426 ille
1215 387 1367 428 secutus
1380 387 1523 434 fuisset,
1539 388 1566 426 fi
1579 387 1651 428 fibi

375 446 591 486 Lucianum
614 444 724 483 edere
737 441 966 495 contigisset.
987 442 1138 481 Verum
1159 440 1261 480 reete
1273 440 1417 480 Hemst.
1430 441 1479 479 ibi
1494 442 1542 480 ab
1557 442 1651 482 lunt.

375 499 541 539 leffione
560 496 719 543 recessit,
732 497 771 535 δι
787 492 829 534 οῧ
835 510 883 533 τω
899 507 971 548 pro
984 493 1134 533 osi-dedit
1146 507 1159 542 3
1170 494 1247 532 vid.
1267 493 1320 545 §9
1335 493 1454 533 Dear.
1471 494 1553 534 Iud.
1566 506 1651 535 non

376 565 413 594 c.
424 569 461 601 4.
486 552 583 592 Nam
599 551 668 589 alia
683 563 784 589 nunc
799 549 852 588 est
864 548 963 587 fafiia
978 548 1303 600 paragraphorum
1317 546 1397 586 sive
1408 548 1577 599 capitum
1594 548 1653 587 di-

378 607 500 646 visio:
524 605 689 645 Solanus
706 605 805 642 enim
822 615 899 641 non
917 601 1004 641 satis
1018 602 1224 641 commode
1238 600 1299 639 illa
1316 601 1574 647 distribuerat,
1593 601 1654 640 fa-⁴

378 671 487 707 κοῖς
515 659 626 698 cuius
645 669 773 696 tamen
793 654 1019 694 divisionem
1045 655 1226 706 deinceps
1247 654 1391 706 ubique
1415 654 1651 702 retinemus,

379 724 540 768 propter
556 711 764 765 permultas
777 710 995 754 citationes,
1008 721 1171 760 quarum
1187 719 1370 746 numerus
1381 706 1551 759 alioquin
1567 708 1654 748 ubi.

379 781 458 821 que
472 766 571 805 foret
588 765 812 809 mutandus,
830 763 876 801 ad
896 763 1001 814 quod
1016 762 1138 800 otium
1155 773 1235 800 non
1251 759 1427 813 superest.
1448 761 1598 802 Rnrz.

436 821 526 871 Pag.
544 820 604 858 26.
619 819 640 856 l.
656 833 691 865 4.
713 815 883 868 Κελεὺῃς)
903 815 944 855 Ρ.
965 814 1068 855 solus
1082 815 1180 855 hanc
1195 827 1334 855 vocem
1350 814 1505 854 exhibet
1527 814 1656 855 omni-

378 887 434 915 no
456 871 711 913 neceffariam.
737 869 896 909 SOLAN.

436 931 509 966 ead.
522 929 544 966 l.
562 939 620 964 10.
631 924 731 964 Ἐπεί
744 939 801 963 τοι
813 922 859 962 ἑὶν
873 921 927 970 τῷ
938 920 1099 975 γράφειν
1112 919 1241 972 πατὴρ
1254 921 1500 973 προστάττῃ,
1517 919 1653 962 ταῦτα

379 981 463 1034 μὲν,
477 982 614 1023 τέκνον,
627 979 750 1031 γράφε
765 977 860 1029 διε.)
884 978 1032 1028 Γράφειν
1052 976 1165 1015 habet
1177 988 1335 1028 quoque
1347 988 1436 1014 cum
1452 974 1654 1014 Bafileenfi

381 1036 547 1081 Aldina;
570 1032 766 1085 perspicue
790 1043 939 1078 tamen,
966 1030 1073 1069 velut
1089 1030 1234 1082 optime
1248 1028 1496 1075 florentina,
1518 1027 1663 1082 γραφεῖ

380 1089 642 1134 scribendun13
661 1085 767 1139 quod
783 1084 1006 1124 observavit
1021 1096 1180 1136 quoque
1194 1084 1394 1135 interpres,
1410 1083 1484 1121 Iam
1491 1086 1528 1134 fi
1537 1083 1592 1121 cui
1597 1083 1657 1134 pi·

381 1144 461 1183 §lori
478 1141 663 1193 praecipiat
674 1151 783 1192 pater,
798 1138 897 1177 Haec
908 1138 1009 1191 pinge
1021 1169 1030 1185 ,
1044 1138 1124 1188 fili,
1137 1152 1205 1176 non
1225 1137 1286 1175 illa
1302 1135 1378 1176 &c.
1403 1135 1524 1175 Paulo
1549 1135 1632 1189 post
1644 1166 1658 1185 ,

381 1191 457 1247 ’ἄρα
469 1200 513 1233 ἄν
527 1196 739 1246 ἀνάσχοιτο
760 1192 975 1244 legendum.
1000 1191 1205 1231 Exciderat
1218 1191 1257 1229 in
1274 1189 1514 1243 sequioribus
1526 1192 1585 1236 τὶ,
1595 1188 1659 1236 ἐὶν,

381 1250 490 1301 quod
512 1249 746 1298 antiquiores
768 1245 931 1284 servant.
953 1244 1058 1284 lens.
1092 1244 1229 1296 Γραφεῖ
1246 1243 1548 1289 emendandum,
1573 1243 1659 1296 post

383 1302 586 1342 Vorstium
603 1301 641 1339 δι
655 1299 833 1345 lensium,
845 1299 1039 1346 duximus,
1050 1298 1325 1338 reluctantibus
1338 1296 1472 1337 frustra
1488 1296 1602 1345 libris,
1617 1298 1658 1337 in

383 1357 524 1411 quibus
533 1356 688 1408 γράφειν
702 1351 887 1391 scribitur.
898 1351 942 1390 In
952 1352 1005 1390 Fl.
1014 1352 1208 1391 edtamen
1222 1352 1322 1391 reete
1333 1349 1487 1403 γραφεῖ.
1497 1346 1660 1392 SbLAN.

436 1412 512 1449 ead.
527 1411 551 1448 l.
569 1422 628 1459 15.
649 1410 696 1445 T‘o
710 1405 754 1445 Σὲ
770 1405 836 1445 τῆς
853 1402 1035 1458 ἰατρικῆς,
1047 1404 1120 1455 ὅσῳ
1132 1404 1339 1456 σεμνότερόν
1351 1404 1456 1452 ἔστι)
1478 1406 1515 1443 Α
1527 1405 1661 1444 condi-

383 1465 493 1504 tione
507 1463 596 1502 artis
612 1460 778 1500 medicae
789 1489 798 1504 ,
822 1459 934 1498 cuius
948 1458 1109 1498 studium
1126 1469 1208 1498 erat
1229 1458 1322 1498 olim
1338 1471 1426 1498 cum
1443 1458 1576 1510 primis
1588 1458 1662 1498 bo-

384 1516 607 1562 norificum,
619 1528 661 1554 ut
673 1514 846 1555 Galenus
860 1514 898 1552 &
910 1511 1087 1552 Erasmus
1096 1512 1369 1564 comprobant.
1382 1512 1528 1551 COGN.
1539 1511 1659 1552 Conf-

385 1585 486 1625 quae
502 1583 594 1610 mox
608 1570 654 1608 de
665 1568 874 1621 privilegiis
884 1566 1119 1606 medicorum
1135 1565 1362 1618 sequuntur,
1374 1563 1510 1605 versus
1521 1563 1586 1604 fin.
1596 1566 1665 1606 hu·

385 1627 448 1666 ius
460 1638 493 1664 c.
511 1625 564 1664 At
576 1624 707 1663 servos
724 1620 830 1661 fuisse
847 1621 1015 1660 medicos
1029 1619 1111 1659 ICti
1124 1619 1288 1672 probant
1304 1632 1354 1659 ex
1367 1619 1409 1658 L.
1428 1633 1446 1672 3
1461 1617 1507 1659 C.
1517 1631 1661 1660 comm.

387 1681 435 1720 de
456 1679 545 1732 Leg.
565 1678 755 1730 Sexaginta
763 1675 889 1726 solidis
912 1675 1103 1726 aestimatos
1121 1674 1264 1714 medicos
1282 1672 1454 1727 utriusque
1463 1672 1588 1725 fixus,
1607 1673 1664 1714 ci-

386 1744 493 1773 tante
512 1730 671 1772 consult.
689 1729 837 1770 Zurkio
854 1729 898 1768 ad
909 1727 992 1768 Cic.
1009 1727 1121 1767 Orat.
1135 1741 1207 1780 pro
1222 1727 1353 1767 Deiot.
1366 1741 1398 1767 c.
1412 1728 1436 1767 6
1448 1756 1459 1772 ‚
1472 1727 1538 1780 qui
1553 1728 1663 1769 dicit:

388 1787 591 1839 Philippum
606 1785 765 1824 medicum
784 1782 920 1834 ftrvum
939 1783 1063 1835 regium
1080 1804 1124 1811 —
1139 1781 1202 1834 ff
1224 1794 1429 1834 corruptum.
1455 1780 1549 1822 Eod.
1572 1793 1664 1835 cap.

390 1835 462 1880 sub
474 1840 540 1879 fin.
562 1840 605 1877 Id
618 1839 696 1887 tihi,
711 1838 746 1876 G·
759 1836 881 1876 medico
891 1837 1015 1876 callido
1025 1865 1039 1882 ,
1051 1834 1217 1886 δ’]ἒνιό,
1239 1848 1278 1874 ut
1284 1837 1444 1889 putabat,
1460 1835 1556 1886 fideli
1565 1866 1577 1882 ,
1592 1852 1663 1876 nom

390 1897 538 1936 credidit.
560 1892 711 1932 Contra
726 1923 737 1941 ‚
750 1904 772 1929 a
783 1890 966 1929 servitute
979 1902 1046 1929 eos
1060 1889 1219 1928 liberare
1230 1899 1396 1928 conatur
1410 1888 1510 1928 do&
1529 1889 1639 1929 Vink
1649 1919 1665 1936 ,

391 1950 432 1988 in
442 1947 656 1988 Amoenitt.
667 1941 1140 1989 Literario-medicis‚·serv
1147 1955 1190 1982 os
1201 1942 1285 1982 illos
1297 1943 1498 1995 chirurgos
1512 1954 1665 1984 tantum

390 2001 502 2044 fuisse
518 2002 656 2041 dicens.
670 2000 742 2039 Sed
757 1999 850 2038 haec
867 1997 1072 2050 disquisitio
1085 1998 1268 2049 integram
1287 1997 1580 2037 dissertationem
1595 2011 1667 2050 po-

394 2056 549 2096 stularet
564 2072 572 2096 ε
590 2067 707 2107 quare
721 2053 888 2092 breviter
901 2053 1021 2091 dicam
1036 2066 1045 2091 :
1060 2050 1318 2104 distinguenda
1333 2063 1523 2104 tempora,
1533 2050 1667 2091 distin-

394 2110 568 2165 guendae
582 2109 768 2147 nationes.
783 2107 898 2159 Apud
910 2105 1084 2146 Graecos
1095 2116 1197 2145 certe
1212 2105 1260 2143 ab
1270 2104 1558 2158 antiquioribus
1572 2117 1671 2146 tem-

366 2207 369 2209 ,
393 2165 556 2217 poribus
577 2162 715 2201 medici
731 2161 1001 2200 honoratiores
1022 2158 1129 2199 fuere
1141 2188 1152 2205 ‚
1177 2171 1291 2212 quam
1316 2159 1415 2212 apud
1440 2158 1664 2200 Romanos.

392 2218 509 2259 Multi
523 2217 655 2257 medici
670 2214 777 2255 fuere
790 2213 889 2254 servi
902 2244 914 2261 ‚
936 2226 1015 2253 non
1031 2226 1178 2252 ornnes.
1203 2212 1373 2253 Cicerol
1392 2213 1440 2252 de
1451 2211 1535 2253 Off.
1549 2226 1583 2254 c.
1597 2227 1667 2264 42,

393 2273 628 2312 Medicinam
644 2270 684 2310 δι
697 2268 1003 2308 Archite&uram
1018 2268 1065 2306 ab
1086 2267 1328 2307 illiberalibus
1349 2267 1387 2306 δι
1402 2266 1559 2308 sordidis
1572 2268 1667 2307 arti-

393 2327 468 2366 bus
482 2325 658 2377 seiungit,
671 2323 712 2363 &
726 2321 922 2362 honestam
939 2335 982 2361 ac
999 2321 1192 2361 liberalem
1207 2321 1442 2362 medicorum
1458 2332 1576 2361 artem
1592 2335 1667 2361 vo-

394 2392 468 2422 cat.
484 2379 692 2422 Charicles,
711 2378 859 2418 Tiberii
875 2376 1045 2416 Caesaris
1059 2377 1240 2423 medicus,
1255 2388 1342 2415 cum
1360 2376 1460 2415 eoin
1474 2375 1666 2417 convivio

397 2434 666 2480 accumbebat3
684 2433 762 2471 vid.
782 2431 941 2471 Sueton.
957 2430 1093 2470 ineius
1108 2431 1189 2468 vita
1203 2443 1235 2469 c.
1250 2443 1314 2479 7-2.
1336 2428 1400 2469 De
1420 2429 1527 2468 varia
1545 2429 1678 2469 medi-i

394 2500 537 2536 corum
550 2487 779 2529 conditione
791 2486 867 2529 vid.
879 2484 1020 2527 Cellar.
1031 2485 1226 2538 antiquitt.
1241 2484 1429 2533 medicas,
1446 2497 1486 2537 p.
1504 2497 1552 2538 39
1561 2511 1575 2535 ‚
1586 2496 1641 2536 40
1647 2492 1680 2539 ,3
