1730 3326
202 182 308 230 IN
372 179 1130 229 ALEXANDRUM.
1211 196 1300 247 395

41 272 144 315 unde
161 282 246 313 orta
264 283 345 312 erat
359 301 370 319 ,
390 272 605 312 denotatur.
617 272 703 311 Vid.
719 271 961 324 Epigramma
978 284 999 309 a
1015 272 1209 310 Kennetto
1225 273 1307 311 lau·-

44 329 177 366 datum
193 339 276 380 pag.
294 341 308 364 1
323 340 377 375 ¹7·
391 325 549 365 SOLAN.

92 383 167 419 ead.
180 381 203 418 l.
220 379 255 418 8.
269 378 461 431 Πελλαῖοι)
481 377 731 418 Macedoniae
745 377 882 417 civitas
897 376 949 416 est
961 406 971 424 ‚
988 378 1052 416 ubi
1064 379 1174 416 etiam
1186 378 1309 416 Alex-

32 434 156 472 rander
169 434 286 486 Magn
294 446 335 472 us
350 443 458 471 natus
476 432 629 471 dicitur.
644 431 824 471 Solebam
839 431 1017 470 mulieres
1031 431 1152 469 Pellae
1172 433 1306 469 draco-

41 499 109 526 nes
122 487 244 533 alere,
263 486 405 539 eosque
427 485 582 530 aestate,
605 484 755 536 frigoris
779 483 908 530 caula,
931 485 1035 524 collo
1057 487 1307 524 circumdare.

41 539 188 579 COGN.
201 541 410 579 Adleverat
423 539 582 591 margini
598 538 643 578 cl.
659 537 872 577 Hemsterh.
890 538 1091 576 videndum
1111 539 1173 576 ΕΖ.
1187 543 1306 589 „Span-

41 591 144 633 hem.
158 596 202 633 de
218 594 275 633 Pr.
291 594 328 632 81
353 592 415 633 Us.
432 593 548 632 Num.
570 592 662 632 Ant.
683 590 775 632 Diff.
792 590 868 638 IX,
885 605 920 644 p.
939 592 1028 644 655.
1043 591 1179 644 Quem
1193 592 1306 644 igitur

41 646 165 686 adiisse
180 660 258 686 non
274 648 425 700 pigebit.
441 646 589 684 RnTz.

94 700 172 740 ibid.
191 696 433 753 Εὖέαίμονος)
447 700 634 752 Enallage.
653 697 820 739 GUYET.

92 757 168 793 ead.
181 755 204 792 l.
225 769 259 806 9.
274 754 343 794 Νῦν
357 752 420 807 nse)
438 754 484 792 V.
500 754 702 805 Spanhem.
717 753 806 803 654.
822 752 982 792 SOLAN.

92 811 165 847 ead.
179 808 201 846 l.
217 821 274 862 15.
293 810 429 846 Πολλοὶ
447 807 516 861 sk)
539 806 601 847 De
615 805 848 860 serpentibus
861 806 1016 846 Pellaeis
1027 804 1243 845 Casaubon.
1257 804 1306 845 ad

40 858 146 901 Suet.
163 861 225 900 lib.
244 876 277 913 3.
293 861 464 902 Eoum).

91 917 163 954 ead.
181 916 204 954 l.
229 919 284 955 16.
298 919 363 955 Τὸν
380 916 461 968 περὶ
476 913 540 955 τῆς
554 913 747 967 Ὀλυμπ.)
771 913 859 952 Vid.
885 913 984 952 Plut.
1002 913 1040 951 in
1059 914 1171 951 initio
1190 913 1305 952 Alex.

37 968 106 1020 qui
117 969 291 1008 Luciano
307 970 376 1009 hac
388 970 425 1008 in
440 982 481 1009 re
493 967 747 1021 adstipulatur.
764 967 871 1006 Adde
886 967 1024 1020 Spanh.
1042 981 1085 1005 21
1097 981 1127 1005 2.
1145 968 1305 1005 SOLAN.

91 1023 168 1061 ibid.
181 1022 466 1075 Ὀλυμπιάδος)
483 1023 608 1061 Matre
623 1021 854 1069 Alexandri,
867 1022 911 1059 de
925 1035 946 1071 q
956 1034 1002 1059 ua
1015 1020 1115 1058 Dial.
1129 1020 1247 1071 Diog.
1263 1021 1306 1060 &

35 1072 151 1115 Alex.
167 1076 310 1116 COGN.
321 1077 447 1130 Origo
462 1076 613 1116 fabulae
626 1076 670 1114 de
683 1074 929 1127 Olympiadis
942 1073 1121 1127 serpente.
1135 1074 1305 1114 GUYET.

89 1129 182 1183 Pag.
194 1131 292 1181 71.l.
307 1145 339 1183 3.
354 1129 606 1176 Θουκυὲίὸην)
621 1129 802 1181 Thucyd.
817 1129 858 1168 L.
875 1128 930 1176 11,
945 1141 977 1167 c.
997 1141 1027 1167 1.
1043 1127 1200 1167 SOLAN.

88 1188 163 1222 ead.
178 1185 201 1223 l.
212 1186 247 1223 6.
258 1186 326 1223 Τον
340 1207 384 1214 -
398 1184 495 1236 βίον)
509 1181 624 1224 Conf-
640 1181 738 1221 infra
753 1189 850 1232 Δημ.
866 1196 899 1221 c.
917 1195 979 1221 20.
994 1181 1152 1222 SOLAN.

88 1236 272 1278 ibid.‘T›7rb
287 1237 387 1277 svsfv
400 1237 559 1291 τούτοιν)
582 1237 711 1276 Metus
732 1237 770 1275 δι
788 1236 869 1288 spes
886 1236 1161 1275 divinationem
1177 1235 1216 1275 δι
1231 1242 1308 1275 ειη-ι·

34 1292 141 1345 guria
156 1302 392 1344 repererunt.
409 1291 494 1344 Qui
508 1289 675 1344 impense
694 1291 876 1342 cupiunt,
891 1289 969 1329 suis
984 1291 1091 1330 votis
1112 1291 1307 1330 undecun-
1337 1336 1352 1346 ἡ

8 1370 9 1375 =
34 1357 111 1396 que
125 1346 383 1393 blandiuntur,
396 1345 436 1385 δι
449 1345 603 1398 quidvis
619 1345 657 1383 in
675 1357 830 1383 omnem
846 1344 967 1396 optati
980 1354 1143 1383 eventus
1157 1355 1304 1396 partem

34 1399 200 1438 trahunt.
213 1398 298 1452 Qui
311 1412 408 1439 vero
420 1398 554 1439 misere
568 1398 730 1450 cupiunt
739 1427 749 1443 ,
764 1399 903 1450 quavis
915 1410 964 1436 ex
977 1411 1017 1437 re
1033 1397 1208 1437 solatium
1224 1397 1307 1436 for-

33 1452 184 1492 midinis
198 1464 402 1506 aucupant.
417 1453 518 1492 Vide
531 1453 743 1492 Lucianum
763 1453 800 1490 in
822 1451 937 1490 Char·
957 1452 996 1490 ὅ(
1011 1452 1050 1489 in
1067 1451 1307 1492 Demonae‘t.

7 1518 9 1527 ¹
33 1504 178 1545 COGN.
197 1506 304 1546 Δυεῖν
317 1507 398 1546 edd.
414 1506 605 1554 Atticum,
621 1518 745 1557 neque
763 1506 822 1544 hic
839 1504 980 1550 solum,
999 1504 1060 1544 sed
1079 1505 1206 1544 multis
1220 1506 1306 1545 aliis

31 1557 72 1598 in
95 1559 200 1600 locis.
222 1561 381 1600 SOLAN.
405 1559 513 1601 Δυεῖν
533 1561 586 1599 ait
604 1559 768 1600 Solanus
788 1559 869 1598 edd.
890 1559 1055 1605 habere3
1078 1570 1115 1597 at
1138 1558 1304 1599 Parifina

7 1616 9 1645 l
32 1611 146 1653 habet
168 1614 280 1654 δυοῖν.
305 1613 436 1653 Vorst.
462 1614 500 1653 in
524 1614 570 1652 B.
597 1628 631 1652 2.
656 1614 768 1652 etiam
793 1612 893 1652 ὃυοῖν
909 1612 1124 1660 adleverat‚
1149 1612 1303 1653 frustra.

8 1680 10 1690 ²
33 1665 144 1718 Quid
156 1668 192 1706 in
210 1669 300 1707 lunt.
314 1667 427 1707 fuerit
439 1697 449 1714 ,
465 1666 613 1713 nescio,
628 1679 715 1705 nam
730 1666 892 1706 solanus
905 1679 988 1706 eam
999 1665 1051 1705 fic
1063 1667 1242 1713 mutavit,
1258 1678 1302 1707 ut

7 1741 11 1754 ι
27 1719 73 1761 ·&
86 1719 185 1761 sveiv
201 1721 242 1761 δι
256 1721 357 1761 ἓυοῖν
374 1721 458 1761 inde
472 1720 666 1761 conficere
679 1733 816 1773 queas:
837 1733 955 1773 quare
968 1720 1050 1760 edd.
1064 1720 1192 1759 denuo
1208 1734 1302 1759 con-

7 1795 10 1807 ·
30 1773 148 1823 sului,
162 1776 202 1815 δι
218 1776 256 1815 ἰη
269 1777 446 1815 variantt.
460 1775 561 1814 leffl.
576 1775 725 1814 notavi.
741 1774 853 1827 Quia
865 1787 962 1813 vero
974 1774 1111 1814 ibidem
1126 1785 1303 1822 notarat,

8 1844 10 1846 ’
29 1827 123 1869 alias
137 1828 313 1881 quasdam
333 1830 414 1869 edd.
437 1828 530 1867 nihil
548 1829 651 1867 abire
665 1828 712 1867 ab
732 1828 895 1868 lechone
916 1828 1110 1875 luminae,
1127 1841 1224 1881 quas
1243 1840 1302 1867 ta-

8 1909 10 1918 »
31 1895 118 1923 men
133 1882 234 1922 sven
257 1883 396 1923 habere
408 1883 602 1934 cognovi,
625 1883 711 1921 ideo
732 1883 849 1922 credo
867 1881 966 1922 Συοῖν
985 1881 1093 1921 fuiffe
1115 1883 1153 1920 in
1174 1884 1202 1921 I.
1224 1882 1299 1922 Sed

8 1949 11 1955 ·
28 1934 212 1976 Solanum
227 1936 430 1977 correxifl'e
443 1936 558 1983 sven,
572 1949 661 1975 nam
681 1949 770 1976 cum
792 1937 852 1975 illa
874 1936 1041 1975 restituta
1064 1936 1228 1975 leciione
1243 1936 1297 1976 fic

29 1990 194 2043 reliquae
214 1993 466 2031 conveniunt.
486 1990 603 2030 Certe
624 1989 725 2029 svefv
742 1989 888 2030 recium
907 1989 1001 2035 effe,
1024 1990 1050 2028 s1
1073 1989 1299 2030 testimoniis

28 2043 188 2097 indiget,
203 2045 337 2085 confer
349 2044 468 2084 Diod.
482 2044 554 2084 Sic.
569 2043 682 2090 XIX,
700 2058 735 2096 p.
750 2045 824 2096 296
838 2044 894 2083 ed.
907 2044 994 2095 Bafi
1009 2044 1072 2083 ubi
1085 2043 1186 2082 svsfv
1203 2059 1299 2083 στοι-

29 2096 126 2140 slav.
146 2099 195 2138 Et
215 2098 316 2138 suen
333 2099 419 2140 νεοῖν
431 2099 506 2137 vid.
522 2111 571 2138 ex
582 2098 764 2150 Thucyd.
777 2098 964 2152 pluraque
985 2098 1084 2151 apud
1098 2099 1296 2138 Maittaire

29 2151 75 2192 de
85 2151 264 2193 DialeRt.
276 2167 312 2206 p.
329 2167 389 2206 34.
405 2152 553 2195 Rmerz.

80 2209 152 2248 ead.
164 2207 187 2246 l.
201 2221 214 2246 1
229 2221 259 2246 1.
276 2208 345 2246 Καὶ
359 2207 540 2259 Δελφοὺς)
551 2206 611 2246 Sic
620 2205 657 2244 in
667 2205 765 2245 Iove
777 2215 873 2258 trag.
889 2205 930 2245 &
940 2206 1100 2245 Icarom.
1114 2206 1290 2245 BouRD.

83 2262 152 2299 ead.
161 2262 193 2311 l·
207 2275 265 2313 13.
277 2261 433 2313 Κλάρον)
444 2262 497 2301 V.
514 2262 559 2301 de
580 2261 639 2299 his
651 2290 663 2309 ,
678 2273 777 2312 quae
790 2259 901 2313 supra
917 2272 1102 2300 annotata
1123 2259 1209 2300 sunt
1222 2290 1231 2307 ‚
1246 2260 1296 2300 ad

29 2319 74 2354 Θ.
89 2321 136 2353 Δ.
151 2315 261 2354 XVI.
278 2315 436 2354 SoLAN.

82 2368 162 2406 ibid.
186 2368 441 2422 Βραγχίὸοις)
461 2368 524 2407 De
543 2367 721 2408 Brancho
744 2367 783 2407 δι
806 2367 1105 2407 Branchidarum
1123 2366 1291 2407 oraculo

27 2421 146 2464 multa
159 2422 260 2461 dedit
268 2423 508 2474 Bulengerus
522 2423 567 2461 de
580 2423 743 2461 oraculis
754 2422 794 2461 &
805 2422 957 2460 vatibus
968 2434 1000 2460 c.
1015 2436 1051 2475 9.
1066 2421 1290 2483 GESNNid.

23 2475 136 2520 etiam
148 2474 277 2520 Olear.
291 2476 337 2531 ad
347 2476 516 2517 philostr.
531 2477 604 2527 lv,
618 2489 652 2517 c.
667 2490 681 2516 1
691 2507 702 2525 ‚
714 2490 749 2530 p.
769 2489 855 2527 140.
866 2475 1014 2517 Rmz.
