1730 3326
360 211 447 260 592
546 195 1430 250 ANNOTATIONES

413 286 489 324 ibid.
505 286 794 341 Γενετυλλίὸοις)
811 286 1028 339 Genetyllis
1041 288 1204 328 Veneris
1220 291 1453 342 cognomina
1467 291 1551 332 furit
1563 301 1627 347 aps

356 339 670 391 Aristophanem:
686 341 731 379 de
743 341 884 393 quibus
899 342 987 380 vide
999 340 1152 381 Pausan.
1166 343 1204 381 in
1218 342 1366 384 Atticis.
1381 344 1529 385 COGN.

413 393 503 444 Pag.
519 406 604 445 305.
619 394 642 431 l.
660 407 691 432 1.
717 396 919 445 Δυσέρωτοι
941 394 1065 444 Κῶμον
1085 396 1148 434 ἐπὶ
1162 394 1216 435 τῶ
1237 398 1409 450 ποιμένι)
1435 399 1540 451 Quis
1560 399 1623 440 ille

358 445 496 496 κῶμος,
507 459 605 497 quae
624 446 836 486 comissatio
848 447 957 496 effer,
972 461 1053 487 non
1069 449 1334 501 excogitabam
1345 481 1356 498 ‚
1372 464 1459 490 cum
1483 451 1549 491 issa
1568 453 1624 492 in·

357 510 600 551 terpretarer‚
613 500 697 540 licet
714 501 759 540 de
772 501 902 540 Lunae
915 502 951 540 in
967 501 1263 552 Endymionem‚
1278 515 1344 542 aut
1360 504 1491 544 Rheae
1505 505 1531 544 s.
1546 519 1624 545 ma·

359 566 456 606 gnae
473 553 601 592 matris
619 555 656 592 in
680 555 816 600 Attin,
839 555 1033 594 amoribus
1053 556 1274 608 cogitarem.
1298 555 1426 597 Deum
1449 559 1621 598 Comum

358 619 438 646 non
461 607 630 658 intelligo
643 621 655 654 ;
675 609 720 646 de
734 607 893 647 Deabus
906 609 1006 647 enim
1028 607 1241 648 sermonem
1253 608 1346 658 effe,
1361 622 1535 664 apparet:
1551 623 1621 652 nec

356 660 516 699 invenio
532 661 618 705 ubi,
642 661 678 699 in
701 674 776 713 qua
791 661 855 700 vel
870 661 1025 701 homine
1046 662 1107 701 vel
1128 661 1238 708 Dea,
1257 663 1418 715 δύσερως
1433 665 1492 704 ille
1512 664 1623 705 Deus

358 714 509 753 Comus
523 712 645 752 fuerit.
663 713 788 754 stn.
809 714 880 754 Sed
895 716 972 754 vid.
995 714 1189 756 Scholiast.
1208 717 1277 769 qui
1297 717 1341 756 ad
1367 716 1537 757 Paridem
1561 731 1622 758 re·

359 766 443 807 sert.
461 767 606 805 RmTz.
618 767 807 807 Omnium
830 769 987 808 minime
1002 770 1047 808 de
1069 768 1199 809 Paride
1219 783 1306 809 cum
1322 770 1529 810 Scholiaste
1547 783 1626 812 vet.

357 821 555 873 accipiam.
573 821 815 872 Endymion,
834 822 873 861 &
889 822 1018 862 Lunae
1032 823 1078 861 ad
1093 823 1195 862 illum
1213 823 1334 873 κῶμος
1350 823 1377 862 s.
1403 824 1622 865 comissatio

359 876 482 926 magis
506 874 690 925 placebit,
705 886 748 913 ut
774 876 811 913 in
836 876 949 914 rebus
970 876 1144 923 incertis,
1164 877 1191 915 si
1213 878 1297 930 quis
1319 877 1493 918 conferre
1514 879 1623 918 volet

357 927 507 968 scenam
522 941 734 967 enarratam
748 942 768 967 a
783 929 957 968 Luciano
969 929 1135 979 ψευέομ.
1151 943 1184 970 c.
1200 945 1259 982 39.
1273 929 1400 970 Gtsn.
1415 933 1450 970 in
1464 934 1621 974 Addend.

415 994 489 1021 ωα.
503 983 526 1019 l.
542 998 577 1029 4.
594 978 918 1035 fisseo)Vu1garam
941 983 1116 1029 servavi,
1138 985 1226 1036 quia
1242 997 1423 1024 numerus
1436 986 1625 1025 librorum

359 1034 460 1075 hanc
473 1036 736 1075 exhibentium
752 1037 804 1075 est
819 1038 959 1075 maior:
977 1050 1062 1076 nam
1078 1039 1232 1089 perinde
1245 1038 1296 1077 est
1312 1050 1401 1077 utro
1415 1051 1523 1079 more
1538 1039 1626 1079 scri-

359 1089 430 1128 bas
442 1119 454 1135 ,
473 1090 590 1128 modo
611 1091 712 1128 enim
734 1085 833 1129 εὐθὺς
850 1090 1116 1130 adverbialiter
1133 1092 1299 1144 ponitur,
1315 1092 1433 1131 modo
1448 1090 1542 1132 eoo-3.
1559 1089 1624 1132 Εὖ-

359 1143 426 1182 ἓπὺς
442 1145 491 1182 ita
506 1142 669 1194 positum
687 1144 888 1183 habuimus
900 1145 1040 1191 modo,
1060 1158 1115 1198 pr.
1139 1146 1250 1184 huius
1263 1158 1343 1197 cap.
1364 1145 1412 1185 Et
1425 1159 1455 1184 c.
1474 1160 1511 1199 3,
1532 1146 1622 1186 item

362 1209 445 1248 cap.
466 1196 510 1235 18
526 1196 549 1235 f.
562 1196 655 1235 Item
668 1210 750 1250 cap.
770 1211 783 1235 1
794 1212 814 1236 2
829 1211 884 1249 pr.
903 1198 942 1237 δι
957 1198 1108 1249 Quom.
1127 1199 1221 1238 Hist.
1235 1212 1319 1252 cap.
1334 1211 1400 1248 40,
1417 1199 1508 1240 Lexi
1537 1199 1623 1239 han.

360 1263 446 1299 cap.
465 1263 533 1295 10,
548 1251 586 1288 δι
610 1249 708 1289 infra
728 1251 875 1290 Toxar.
893 1266 940 1303 32
952 1283 964 1298 ,
981 1253 1155 1292 Hermot.
1173 1267 1218 1306 33
1238 1265 1311 1299 ter,
1328 1253 1368 1292 &
1382 1265 1464 1305 cap.
1479 1267 1496 1305 3
1532 1283 1541 1293 .
1561 1252 1625 1293 Sic

359 1303 533 1356 Alciphr.
549 1304 608 1352 ΙΙ,
628 1316 688 1356 ep.
707 1319 724 1357 3
741 1305 766 1343 f.
782 1307 968 1356 Γλυκέριον
986 1304 1086 1345 εὐθὺς
1096 1307 1277 1356 πετομένη
1291 1310 1381 1359 προς
1393 1304 1491 1356 ἧμοῖς
1502 1328 1547 1337 -
1560 1309 1625 1355 φέ-

360 1372 433 1410 ρου.
450 1357 546 1405 1311,
564 1372 598 1404 1,
612 1372 646 1410 p.
658 1357 706 1406 6;
721 1358 779 1397 led
793 1355 872 1398 εὐθὺ
887 1358 1014 1399 rursus
1028 1359 1125 1399 infra
1143 1359 1220 1399 hoc
1235 1373 1316 1413 cap.
1329 1375 1379 1409 42
1394 1360 1419 1400 f.
1431 1361 1531 1412 apud
1543 1360 1628 1400 No-

360 1412 492 1450 strum.
509 1411 602 1450 Item
624 1411 733 1464 supra
752 1424 832 1465 cap.
850 1413 872 1450 8
891 1412 930 1451 &
947 1428 1009 1466 23,
1023 1413 1063 1452 &
1084 1414 1260 1452 Hermot.
1275 1426 1357 1467 cap.
1375 1427 1439 1463 74.
1455 1413 1574 1467 Quae
1596 1413 1624 1454 fi

360 1466 446 1517 quis
465 1467 651 1505 evolvere
673 1466 792 1514 velit,
815 1466 904 1504 nihil
925 1467 1023 1506 aliud
1044 1466 1278 1506 differentiae
1303 1469 1626 1521 inveniet,quam

361 1520 468 1571 quod
486 1517 564 1558 εὐθὺ
586 1518 764 1572 sequente
782 1519 1017 1560 consonante
1029 1519 1230 1567 scribatur,
1243 1520 1343 1561 εὐθὺς
1359 1521 1542 1574 sequente
1553 1534 1627 1561 vo·

362 1574 455 1622 cali,
470 1573 534 1612 vel
546 1572 729 1612 eiusmodi
744 1572 934 1622 consona,
949 1587 1038 1614 cum
1052 1588 1127 1627 qua
1143 1590 1159 1613 ς
1182 1574 1258 1614 stne
1271 1575 1513 1628 cacophonia
1532 1587 1627 1615 con-

359 1627 546 1679 iungitur.
560 1627 707 1666 Rmz.
722 1628 842 1667 Nimis
857 1629 1082 1681 generaliter
1094 1627 1344 1668 differentiam
1358 1630 1454 1668 inter
1471 1625 1570 1668 εὗθὺς
1586 1629 1628 1669 δι

361 1680 442 1721 εὕρ-ξι
463 1683 623 1733 negavi3
642 1682 701 1721 sed
715 1681 914 1734 aliquanto
929 1682 1063 1722 melius
1074 1683 1119 1722 de
1130 1683 1265 1723 eodem
1278 1681 1406 1736 scripsi
1420 1683 1464 1722 ad
1476 1681 1575 1723 Gall.
1594 1697 1628 1723 1.

360 1735 467 1774 Licet
481 1736 597 1773 multa
610 1736 784 1781 babeam,
799 1735 862 1774 ubi
875 1735 1182 1776 confundantur:
1197 1750 1310 1788 quae,
1326 1737 1353 1775 st
1368 1737 1506 1784 licebit,
1520 1749 1630 1789 prae-

361 1790 509 1829 mittam
525 1789 639 1828 Indici
651 1789 804 1829 Graeco
819 1789 986 1829 seorsum
1000 1791 1158 1830 edendo.
1174 1790 1286 1829 IDEM
1297 1792 1332 1829 ἱη
1343 1790 1438 1828 Add.
1450 1790 1485 1828 δ’
1498 1791 1628 1842 Corrig.

419 1846 492 1882 ead.
508 1844 568 1893 l.5.
581 1846 716 1894 Μακρὰ
731 1845 883 1893 λουτρὰ,
896 1844 962 1882 καὶ
975 1843 1190 1884 πολυτελὴς
1203 1843 1271 1894 μὲν
1286 1844 1349 1883 καὶ
1364 1842 1473 1883 ἦέεῒοι
1486 1844 1630 1895 τράπε-

361 1896 441 1949 ζα)
458 1898 566 1936 Domi
572 1897 688 1951 statim
702 1899 805 1950 longa
822 1898 940 1936 balnea
952 1926 962 1944 ‚
979 1898 1013 1936 ὃ·
1026 1897 1207 1949 sumtuosa
1221 1913 1263 1937 ac
1276 1898 1400 1949 suavis
1416 1897 1540 1948 mense'z.
1556 1896 1629 1938 Sed

361 1965 451 1992 cum
467 1964 546 1991 non
562 1952 687 1990 laudet
699 1951 797 1990 illam
814 1951 991 2000 mensam,
1013 1953 1081 2004 qui
1095 1950 1218 2004 potest
1228 1950 1301 1991 effe
1315 1949 1448 1999 ἦέεῖοω
1463 1951 1630 2004 Repone

363 2018 413 2045 ex
429 2005 496 2044 Ms.
515 2005 578 2044 καὶ
597 2006 806 2045 πολυτελὴς
823 2005 863 2046 νὴ
885 2008 960 2044 Δία,
981 2005 1157 2058 τροϊπεζοι
1168 2036 1180 2056 ,
1198 2005 1422 2059 &sumtuosa
1435 2018 1498 2057 per
1515 2005 1629 2044 Iovem

362 2059 487 2110 mensa.
503 2059 675 2099 GRAEV.

420 2115 497 2152 ibid.
510 2115 557 2151 N),
571 2113 666 2165 Δία)
679 2113 733 2152 Ita
747 2113 800 2152 M.
818 2126 838 2152 a
851 2113 1062 2152 recentiore
1074 2124 1206 2152 manu.
1219 2112 1258 2151 A
1271 2112 1391 2165 prima
1401 2111 1501 2152 enim
1517 2110 1629 2151 ἧὸεῖοι

363 2167 516 2206 videtur
529 2166 704 2220 scriptum
727 2166 858 2214 fuiffe,
875 2167 983 2206 uti&
1002 2168 1038 2205 in
1060 2167 1217 2219 reliquis
1231 2167 1361 2206 libris:
1384 2165 1487 2206 malo
1501 2177 1630 2206 tamen

363 2221 458 2261 illud
470 2221 506 2259 νὴ
522 2221 598 2259 Δία
610 2251 620 2266 ,
636 2235 751 2273 quam
766 2221 831 2259 καὶ
845 2218 955 2261 ἦὲεῖοι
969 2221 1182 2273 vulgatum.
1200 2219 1358 2260 SOLAN.

421 2277 492 2313 ead.
513 2277 537 2314 l.
566 2288 622 2315 10.
646 2274 946 2328 Ἀπογεὺονται)
973 2276 1048 2314 Hic
1071 2275 1211 2327 aliquid
1237 2273 1436 2314 desiderari
1462 2272 1628 2313 videtur.

365 2328 534 2369 Comi.

420 2386 493 2421 ead.
507 2384 531 2421 l.
546 2397 559 2421 1
574 2396 604 2421 t.
618 2382 889 2436 Δινγούμενοιι)
903 2383 1085 2422 Mendum
1102 2382 1201 2421 haud
1213 2381 1325 2421 dubie
1337 2382 1374 2420 in
1386 2380 1457 2421 hac
1466 2393 1568 2420 voce
1580 2379 1632 2419 la-

365 2446 432 2475 tet.
451 2436 675 2488 Agnoscunt
693 2449 820 2476 tamen
840 2438 950 2476 etiam
974 2435 1025 2475 Ο.
1046 2438 1086 2477 &
1101 2437 1156 2475 M.
1173 2435 1330 2476 SOI-AN,
1346 2434 1472 2485 Potest
1485 2433 1637 2474 defendi

365 2489 624 2544 διηγούμεναι.
647 2490 781 2532 Solent
801 2492 906 2531 enim
925 2491 1102 2531 mulieres
1116 2490 1271 2537 noites,
1296 2491 1340 2531 δι
1356 2488 1504 2530 somnia
1524 2500 1633 2542 prae-
