1730 3326
246 202 352 251 ΙΝ
415 201 1321 268 LEx1P1{·ANEM.487

48 292 100 334 'ad
112 291 331 332 sententiam
345 290 510 330 austoris
523 288 628 342 poffe
641 289 766 328 accedi
780 317 791 333 ,
811 301 892 327 non
905 288 1032 340 defugi
1047 289 1217 328 laborem
1227 321 1239 336 ,
1253 305 1321 342 pa·

50 359 140 387 rum
153 346 239 385 licet
253 344 467 390 facilem,&
482 344 533 382 ob
547 344 582 382 id
595 341 713 395 ipsum
730 342 977 382 vehementer
991 343 1321 396 molestum,quod

53 400 161 439 omni
177 399 312 438 labore
331 410 464 450 parum
487 397 616 436 scirem
633 396 732 434 effici
745 409 756 442 ;
784 394 844 433 sed
858 396 1001 434 hircum
1029 396 1188 435 mulfifl'e
1211 397 1322 449 supe-

53 452 189 498 riores,
208 465 268 491 me
281 453 449 491 cribrum
465 449 689 502 supponere.
712 449 809 488 Satis
823 460 949 488 tamen
963 448 1144 488 effiffilum
1162 452 1322 502 putabo,

54 505 85 546 fi
95 519 194 546 unus
205 505 376 557 alterque
391 503 645 543 studiosorum
657 531 668 550 ‚
685 503 751 554 qui
767 501 917 541 Graece
938 503 1106 541 nondum
1123 505 1206 542 satis
1220 503 1322 552 sciat,

54 569 230 598 naturam
243 559 356 598 huius
373 556 587 610 scriptionis
599 568 799 607 utcunque
813 555 898 594 inde
914 555 1112 608 intelligat.
1140 559 1323 609 Utcunque

53 613 224 665 inquam.
241 612 326 664 Qui
339 612 439 650 enim
454 611 547 649 velit
562 610 725 654 efficere,
741 620 784 647 ut
801 609 901 648 recie
916 609 1049 648 omnia
1065 610 1323 661 intelligantur

52 667 103 706 ab
116 666 311 711 omnibus,
330 665 437 703 illum
450 675 605 716 oportet
620 664 752 709 verba,
765 675 864 714 quae
877 663 936 701 hic
950 674 1176 710 occurrunt,
1193 665 1323 703 omnia

53 720 105 758 ab
116 719 332 767 emendato,
347 717 408 757 sed
423 718 578 770 simplici
593 718 743 763 eodem,
757 717 931 764 naturali,
946 715 986 755 δι
1000 717 1154 754 minime
1168 715 1325 757 affefia·

55 783 103 812 to
117 785 256 825 genere
272 772 458 812 orationis
469 773 604 820 aliena,
619 771 743 823 primo
757 782 779 809 e
792 770 917 822 poetis
931 782 1147 822 eorumque
1156 770 1326 809 Scholia-

53 826 121 866 stis
135 827 311 879 antiquis,
335 837 451 879 atque
464 825 716 878 undecunque
727 825 882 863 demum
895 824 1124 875 conquisita,
1148 835 1229 863 tum
1250 825 1325 864 alia

56 879 234 920 audaEler
262 879 371 918 nimis
395 879 435 919 δι
462 878 621 918 absurde
651 889 796 918 novata
807 908 817 925 ,
842 877 1032 929 explicare
1045 909 1056 924 ‚
1080 876 1250 930 utrisque
1278 891 1324 917 ea

52 933 294 981 substituere,
307 934 449 986 quibus
458 933 630 973 homines
643 931 802 978 urbani,
819 931 859 970 δι
876 943 1002 984 neque
1014 930 1180 970 obsoleti
1196 944 1323 984 neque

55 998 285 1032 novatores,
302 988 528 1027 utebantur:
544 997 712 1040 oportet,
726 985 877 1038 quoties
888 985 996 1033 ludit,
1009 996 1051 1024 ut
1062 984 1184 1024 statim
1197 985 1242 1022 ab
1255 985 1325 1024 ini·

17 1068 33 1078 c
54 1041 113 1082 tio
126 1041 340 1095 aliquoties,
354 1041 562 1089 Lucianus,
576 1040 866 1079 alliterationem
885 1038 985 1077 illam
997 1038 1213 1082 enucleare,
1233 1039 1273 1076 δι
1285 1051 1322 1077 v.

57 1107 95 1149 g.
112 1096 236 1135 dicere
247 1126 260 1142 ,
277 1107 366 1134 cum
384 1098 561 1147 νεοχμὸς,
585 1109 709 1141 novus,
725 1093 790 1132 illo
804 1104 979 1145 tempore
992 1093 1028 1130 in
1044 1091 1112 1131 usu
1126 1091 1327 1131 communi

56 1162 139 1190 non
156 1149 245 1189 effer
256 1180 268 1198 ,
288 1149 348 1188 sed
362 1147 556 1188 affe&aret
570 1148 670 1187 illam
683 1176 694 1195 ‚
721 1158 765 1186 ut
781 1147 979 1200 antiquam
990 1145 1031 1185 &
1041 1146 1209 1184 Atticam
1223 1146 1327 1184 Lexi-

50 1205 184 1256 phanes
198 1203 347 1255 aliquis,
362 1202 468 1255 quasi
480 1213 522 1241 tu
533 1203 703 1241 verborum
714 1202 941 1255 ostentatorem
953 1200 1053 1239 dicas
1060 1215 1071 1247 ς
1088 1199 1238 1239 simulat
1247 1200 1327 1252 Ly-

56 1258 185 1305 cinus,
200 1256 267 1295 fibi
281 1269 361 1295 non
377 1257 474 1296 bene
489 1267 710 1309 perceptam
724 1267 885 1301 vocem,
903 1253 984 1301 sed,
1004 1252 1131 1293 nescio
1145 1254 1235 1306 quid
1246 1284 1257 1301 ‚
1280 1254 1328 1294 de

55 1307 203 1365 αὐχμῷ
218 1320 353 1363 putare
366 1309 471 1349 illum
484 1309 646 1349 voluiffe
663 1310 801 1349 dicere.
828 1309 980 1360 Nempe
995 1322 1044 1346 αυ
1055 1320 1099 1346 ea
1116 1319 1217 1347 aetas
1230 1307 1332 1347 sono

55 1365 106 1405 ad
118 1381 134 1404 ο
151 1365 335 1404 inclinato
346 1365 457 1404 debet
468 1363 740 1417 pronuntiasse.
762 1362 847 1414 Qui
869 1374 995 1401 autem
1015 1361 1091 1400 hoc
1102 1362 1147 1400 ad
1166 1361 1328 1401 verbum

56 1417 418 1471 interpretabimur?
441 1418 526 1471 quis
545 1418 645 1457 dabit
670 1418 781 1457 nobis
797 1416 1053 1462 vocabulum,
1080 1415 1185 1464 quod
1204 1431 1330 1454 novum

55 1470 258 1526 significet,
268 1485 388 1525 aeque
397 1472 727 1524 noezbssmxovffluod
739 1470 896 1509 similem
906 1468 1026 1508 lusum
1039 1469 1187 1515 habeat,
1201 1470 1262 1508 cui
1276 1470 1331 1508 ita

59 1526 174 1566 affine
188 1526 233 1566 fit
248 1526 349 1565 aliud
362 1539 519 1570 nomen,
528 1526 732 1578 squalorem,
736 1524 921 1576 ficcitatem
933 1522 1161 1574 significans.
1180 1522 1332 1562 invenit

58 1580 204 1633 aliquid
222 1579 423 1631 Micyllus,
438 1579 593 1618 ssmilem
610 1591 747 1630 nempe
759 1577 879 1617 lusum
894 1577 991 1616 inter
1005 1577 1139 1615 calidus
1151 1576 1190 1615 &
1198 1575 1334 1629 squali-

59 1635 146 1673 dus.-
164 1634 307 1687 lepide‚
335 1633 403 1672 nisi
417 1633 522 1685 quod
541 1633 673 1672 calidus
687 1644 758 1684 pro
772 1645 881 1671 novo
896 1630 1022 1670 nescio
1033 1643 1081 1669 an
1102 1630 1333 1670 aucloritate

53 1687 197 1728 'idonea
212 1688 380 1728 dicatur?
392 1687 483 1726 licet
498 1686 800 1727 calorirzventionz‘s
814 1699 874 1725 me
891 1698 970 1724 non
987 1684 1116 1737 fugiat.
1132 1684 1242 1723 Posui
1257 1697 1333 1736 ego

60 1744 233 1794 musteum,
247 1753 289 1781 ut
302 1740 396 1780 alter
411 1741 457 1780 de
471 1743 573 1794 musto
585 1741 643 1792 agi
661 1740 869 1792 intelligere
880 1738 917 1778 se
931 1739 1092 1778 fimulet.
1114 1738 1187 1778 Sed
1200 1750 1241 1777 ut
1258 1739 1334 1776 Mi·

63 1795 192 1848 cyllus
204 1796 285 1834 novi
297 1796 498 1834 notionem
516 1807 594 1834 non
607 1794 692 1834 satis
705 1795 827 1833 lucide
838 1792 1030 1844 expressit,
1043 1793 1094 1831 ita
1109 1792 1222 1845 ipsius
1228 1792 1261 1844 s
1253 1807 1335 1845 qua-

62 1850 115 1888 lor
129 1849 253 1888 multo
275 1849 408 1888 melius
426 1849 470 1887 ad
494 1846 664 1901 αὐχμὸν,
686 1861 801 1900 quam
824 1847 993 1886 nostrum
1008 1849 1162 1900 mustum,
1179 1846 1334 1886 accedit.

62 1903 137 1943 Sed
156 1903 250 1943 ferat
273 1902 372 1942 forte
388 1903 479 1942 haec
490 1902 635 1954 aliquiS.
662 1902 724 1941 De
743 1902 894 1954 reliquis
907 1901 996 1952 quid
1013 1900 1078 1940 fiet
1096 1901 1245 1945 multis,
1265 1900 1336 1939 ubi

64 1970 214 2010 ungues
227 1969 362 1997 omnes
378 1956 404 1995 fi
420 1957 593 2003 derodas,
606 1954 747 1996 frustra
762 1968 924 2008 quaeras
938 1954 1069 1994 Latina
1085 1955 1180 1993 idem
1196 1952 1338 2005 signifi-

67 2011 206 2057 cantia,
218 2024 339 2063 aeque
348 2010 555 2061 κακόζηλα.
582 2009 693 2061 Quin
708 2010 790 2049 sunt
804 2006 918 2059 ἅπαξ
931 2007 1123 2060 λεγόμενα
1135 2009 1337 2061 quaedam,

67 2065 107 2105 in
123 2065 264 2117 quibus
279 2064 407 2104 omnis
418 2065 533 2104 etiam
550 2063 774 2104 conie&ura
791 2062 926 2102 deficit.
952 2063 1006 2102 Ut
1030 2074 1157 2101 autem
1175 2062 1339 2100 hominis

66 2119 203 2159 eruditi
219 2117 310 2158 esset
323 2148 333 2163 ,
348 2119 409 2165 δι,
431 2118 544 2157 nobis
555 2129 678 2166 certe,
701 2130 778 2156 non
793 2117 998 2156 iniucunda
1012 2116 1125 2154 animi
1142 2114 1339 2163 adversio,

68 2172 116 2212 de
128 2171 281 2224 singulis
295 2171 483 2223 disputare
497 2172 726 2217 accuratius,
738 2171 842 2224 quod
859 2169 945 2210 fecit
958 2170 1002 2210 de
1018 2169 1195 2221 plusculis
1207 2167 1245 2207 Is
1261 2168 1339 2207 Ca-

70 2226 267 2265 saubonus
286 2226 324 2264 in
337 2226 574 2265 Athenaeum
588 2225 685 2264 libro
701 2240 736 2278 3,
758 2238 789 2264 c.
807 2224 867 2271 18,
885 2239 930 2276 19
942 2224 981 2262 δε
997 2238 1061 2271 20,
1083 2222 1340 2262 conferendus

70 2280 246 2324 omnino,
266 2279 294 2318 fi
310 2279 394 2331 quis
404 2292 508 2318 amas
521 2279 620 2324 talia,
635 2279 675 2318 δι
689 2279 900 2318 Lucianum
915 2278 1016 2317 recle
1032 2278 1139 2330 cupis
1154 2276 1340 2327 intellige-

73 2346 138 2381 re3
164 2334 215 2372 ita
232 2333 322 2372 illud
341 2346 445 2373 nunc
466 2331 589 2371 facere
600 2343 711 2372 tanto
729 2333 854 2371 minus
869 2331 1038 2383 placebat
1050 2361 1058 2371 ,
1082 2331 1186 2382 quod
1202 2331 1341 2368 merito

74 2387 256 2431 verebar,
272 2399 319 2428 ne
335 2387 408 2426 viri
422 2385 619 2426 doaiffimi
630 2417 641 2433 ,
656 2399 825 2439 quorum
839 2384 1042 2424 observata
1053 2384 1163 2423 fimul
1175 2384 1341 2422 eduntur

75 2453 166 2480 cum
186 2439 346 2486 nostris,
369 2440 551 2491 pleraque
573 2442 701 2479 omnia
723 2441 798 2478 iam
822 2437 1083 2490 occupaffent.
1106 2438 1203 2477 Illud
1224 2436 1347 2478 modo

75 2495 318 2537 meminerint
330 2494 508 2543 leeloreS,
528 2504 657 2535 totum
672 2506 795 2551 prope
806 2492 937 2534 locum
949 2523 961 2543 ,
979 2505 1093 2543 quem
1112 2505 1133 2532 e
1146 2489 1349 2545 symposio

973 2546 1048 2587 Hh
1076 2560 1101 2596 4
