1730 3326
274 195 377 243 IN
442 181 1172 249 LEXIPH'ANEM.
1257 213 1346 270 51‘7

74 279 250 341 sychium
263 282 361 323 inter
375 283 512 336 gloffas
525 297 570 324 ac
586 285 798 326 difficiliora
812 287 998 328 referatur
1007 288 1112 338 μάλ’
1126 283 1221 335 ὦκα,
1236 292 1343 343 quod

73 346 345 395 interpretatur
359 338 463 376 πάνυ
473 339 647 389 ταχέως,
675 340 892 392 cogitabam
905 369 914 387 ,
937 354 984 380 an
1008 355 1086 381 non
1103 342 1165 381 hic
1183 356 1342 397 quoque

74 386 258 450 leytffima
276 391 485 430 mutatione
500 391 699 443 legendum
715 393 759 433 sit
773 390 808 432 οὐ
827 392 923 442 μάλ’
937 389 1029 433 (ἵκοι.
1051 397 1200 435 Verum
1221 398 1342 438 abieci

74 454 216 492 ευρημοι
232 455 312 482 non
328 457 507 496 magnum
517 473 527 491 ,
540 446 603 484 cui
614 458 843 498 repugnaret
854 447 1038 487 articulus
1052 450 1115 487 τον
1130 450 1169 487 &
1181 451 1341 490 ἐοικότα.

9 526 14 531 .
74 494 175 535 Nam
187 495 292 535 illum
309 510 468 551 quoque
490 499 529 537 in
548 501 602 537 τὰ
623 511 776 540 mutare
796 499 898 540 forte
911 502 1140 541 audaculum
1155 503 1268 542 nimis
1281 505 1342 544 vi-

75 547 235 588 debitur.
263 550 392 590 stN.

127 603 200 641 ead.
221 603 245 640 l.
266 617 323 642 10.
345 604 635 658 Ὕπερέιττικος)
658 605 828 646 Philostr.
844 606 883 646 in
896 607 966 646 vit.
980 606 1112 661 Apoll.
1130 607 1286 659 Thyan.
1307 621 1342 648 c.

78 667 128 704 17
139 667 194 707 pr.
211 656 339 710 Λόγων
352 657 397 696 ἑὲ
409 658 513 697 ierem
526 655 734 699 ἐπήσκησεν
747 682 791 690 -
806 657 846 699 οὗ
863 664 1260 713 κατεγλωττισμένην,
1273 664 1341 702 καὶ

71 705 445 769 ὑντεροιττικίζουο-οιν.
475 711 600 764 Quod
620 711 749 753 Olear.
764 713 865 754 reete
881 715 1040 766 exponit
1056 714 1340 755 affectationem

73 763 233 802 mmiam
247 764 454 811 Atticismi‚
478 766 520 804 &
532 767 605 805 hoc
616 766 778 805 Luciani
803 767 953 820 aliaque
971 781 1019 807 ex
1037 768 1200 808 eiusdem
1223 769 1341 809 Rhet.

71 827 264 869 praecept.
275 818 428 872 aliisque
441 818 562 859 affert.
576 819 648 859 Sed
663 821 738 860 hoc
753 819 862 861 facile
874 832 972 861 erat:
986 821 1080 862 solet
1093 834 1219 862 autem
1231 821 1341 876 saepe

71 871 111 910 in
127 870 402 912 difficilioribus
415 874 602 912 aberrare.
629 874 773 912 Rnrrz.

127 926 201 963 ead.
213 925 236 964 l.
255 940 312 978 13.
333 923 414 966 Οἷον
428 926 570 980 ἐκεῖνοι)
597 929 651 966 Ut
659 928 720 966 illa
737 940 767 966 te
779 929 989 981 ostentantem
999 930 1156 976 audiens,
1175 932 1340 982 quomodo

69 991 174 1031 putas
194 980 323 1032 optaffi
340 997 389 1020 me
407 994 494 1020 terra
508 982 617 1027 obrui,
636 997 711 1020 cum
714 982 842 1033 scilicet
855 984 1056 1035 existimares
1073 984 1246 1036 χιτώνιον
1259 983 1338 1022 &c.

71 1031 226 1071 Luciani
243 1033 327 1072 sunt
342 1035 445 1075 haec.
460 1035 628 1075 GUYET.
648 1036 910 1076 vertebantur
924 1036 1014 1075 olim
1026 1067 1038 1084 ‚
1059 1036 1266 1089 qualiafimt
1277 1037 1338 1075 illa

68 1085 154 1125 πῶς
176 1086 239 1126 οἴει
259 1088 336 1128 διε.
357 1089 428 1129 Sed
448 1088 621 1143 pessime,
644 1101 687 1129 ut
706 1089 742 1129 la
766 1088 892 1129 Croze
916 1090 1033 1129 etiam
1057 1090 1341 1133 animadverte:

62 1150 144 1182 sat.
170 1140 314 1180 Rmz.

124 1194 204 1232 ibid.
230 1197 345 1234 Κατὰ,
360 1195 432 1250 γῆς
452 1194 564 1237 δῦναι
587 1195 791 1248 ιἰυχὸμιιν)
814 1195 930 1238 Conf.
954 1195 1052 1237 infra
1075 1196 1230 1237 Ἀποιιέῖ
1253 1210 1339 1252 cap.

75 1258 93 1286 ι
103 1245 137 1287 8.
158 1248 316 1288 SoLAN.

127 1302 217 1355 Pag.
231 1317 318 1355 203.
331 1304 354 1342 l.
374 1317 404 1342 1.
421 1303 611 1356 Χιτώνιον)
636 1303 752 1343 Χιτὲαν
769 1315 897 1344 autem
921 1304 974 1345 est
987 1303 1136 1358 ἱμάτιον
1152 1304 1342 1358 ἀνὸρικὸιιέ

68 1353 239 1407 Hesych.
254 1357 422 1397 GUYET.
440 1356 556 1397 Conf.
572 1358 646 1397 Th.
661 1358 766 1411 Mag.
787 1358 946 1398 SOLAN.

124 1413 197 1449 ead.
211 1411 236 1448 l.
250 1425 285 1459 4.
313 1411 538 1463 Μετοικικὲι)
562 1411 620 1451 Ne
631 1411 823 1451 Lucianus
837 1411 913 1465 ipse
926 1423 993 1453 aut
1004 1413 1085 1453 eius
1102 1412 1210 1453 larva
1229 1423 1338 1466 pere-

68 1463 219 1516 grinum
237 1463 273 1504 se
285 1466 434 1518 prodat,
449 1466 532 1518 lege
543 1466 713 1515 μέτοικιι.
737 1466 894 1515 SOLAN.

124 1521 196 1557 ead.
205 1520 228 1558 l.
245 1532 277 1569 5.
291 1522 402 1558 Κατὰ
411 1519 614 1571 γλῶτταν)
627 1519 654 1557 Ι.
665 1532 698 1558 e.
709 1518 859 1570 ξενικοῖς
869 1518 1104 1559 &inusitatis
1115 1519 1242 1558 verbis
1251 1518 1339 1574 scri-

69 1570 214 1611 bentes.
226 1573 332 1612 Ὅσοι
349 1575 463 1612 τοίνυν
478 1572 548 1611 τῶν
564 1575 749 1622 ὀνομάτων
762 1573 879 1624 ξιιμὲν
892 1573 967 1613 τοῖς
988 1575 1120 1613 πάλαι
1142 1572 1286 1625 χρόνοις
1298 1574 1337 1613 ἦν

69 1623 196 1666 συνήθη
207 1654 217 1673 ,
233 1627 302 1665 νυνὶ
317 1626 360 1666 δὲ
375 1624 497 1675 οὐκέτι
510 1626 590 1666 ἐστὶ
600 1656 612 1672 ,
625 1628 677 1665 τὰ
687 1627 755 1676 μὲν
767 1626 930 1666 τοιαῦτα
942 1627 1130 1679 ’γλώττας
1146 1625 1337 1665 καλοῦσιν.

70 1679 238 1719 Vonn,
258 1681 360 1720 Hinc
374 1680 631 1727 Philostratus,
653 1692 696 1719 ut
711 1680 824 1733 supra
839 1679 961 1719 visum
978 1681 1030 1720 est
1042 1681 1113 1719 hac
1129 1679 1283 1719 Differt.
1300 1693 1335 1720 c.

15 1759 18 1761 Α
74 1746 137 1781 17,
150 1733 272 1786 λόγων
292 1734 398 1774 ἰθέαν
418 1737 803 1788 κατεγλωττισμένην
816 1746 947 1774 vocat.
962 1734 1088 1787 Quod
1101 1747 1148 1773 ex
1163 1734 1276 1773 Suida
1291 1733 1335 1773 <Sc

70 1787 338 1841 Aristophanis
351 1788 558 1828 Scholiaste
571 1789 717 1841 optime
730 1789 779 1827 ab
791 1788 995 1841 interprete
1008 1799 1207 1828 enarratur
1218 1802 1253 1840 p.
1270 1802 1290 1826 2
1299 1802 1312 1825 1
1321 1818 1335 1836 ,

70 1844 114 1880 τὸ
136 1841 302 1881 πολλαῖς
322 1842 524 1896 ’γλώτταις
544 1844 799 1895 μεμιγμένον,
826 1843 953 1882 addito
978 1844 1091 1882 etiam
1113 1842 1277 1894 Eunapii
1297 1841 1336 1880 in

69 1907 155 1935 eam
172 1909 250 1935 rem
265 1896 370 1942 loco,
382 1896 428 1935 de
446 1897 606 1935 Libanio
621 1909 658 1948 p.
675 1910 760 1949 173.
780 1895 944 1946 δοιΑΝ.

125 1953 199 1988 ead.
215 1951 240 1989 l.
251 1963 287 1998 7.
303 1949 525 2002 Δωσιόιὲου)
539 1952 714 2001 Dofiadae
725 1965 798 1989 ara.
814 1950 926 1996 Sunt,
938 1949 1004 2002 qui
1017 1959 1218 2002 exponunt
1232 1949 1271 1987 δι
1284 1948 1338 1987 in-

69 2003 244 2056 telligunt
267 2004 511 2056 Epigramma
530 2004 754 2050 Theocriti,
779 2005 886 2056 quod
905 2006 1025 2054 βωμὸς
1040 2003 1267 2047 inscribitur,
1294 2015 1339 2042 ac

71 2057 197 2097 Troili
208 2058 443 2111 epitaphium
457 2058 630 2097 continet
643 2057 847 2097 admodum
861 2058 1080 2097 obscurum.
1095 2056 1239 2096 COGN.
1266 2056 1336 2095 Le-

72 2124 119 2163 ge
129 2111 343 2152 Acoeto‘eJov.
359 2111 489 2151 Exstat
503 2123 628 2151 autem
643 2111 833 2164 hodieque
848 2112 943 2152 haec
958 2113 1034 2150 Ara
1049 2112 1146 2150 inter
1157 2111 1338 2150 Simmiae

72 2165 216 2205 Rhodii
229 2165 424 2219 opuscula.
451 2166 507 2204 Ex
526 2167 602 2205 hoc
623 2177 749 2205 autem
765 2167 858 2205 loco
876 2165 1124 2205 Scholiastam
1136 2162 1339 2204 Theocriti

71 2220 273 2259 emendare
289 2220 396 2260 iubet
410 2219 597 2259 Meurfius
609 2250 622 2266 ,
643 2221 743 2270 apud
757 2233 873 2272 quem
888 2233 961 2272 pro
975 2218 1174 2258 Aaecaasou
1197 2218 1337 2270 legitur

72 2271 270 2313 'sssm‘esom
287 2274 387 2314 Le&
401 2274 481 2313 Att.
494 2288 529 2325 p.
542 2288 555 2312 1
564 2289 608 2322 4¹
618 2305 626 2312 .
638 2273 861 2314 Scholiastes
872 2285 1001 2313 autem
1013 2273 1074 2312 ille
1087 2285 1165 2311 non
1179 2284 1336 2322 compa-

73 2338 130 2366 ret
145 2328 184 2365 in
197 2327 314 2367 Rom.
332 2341 402 2367 nec
424 2329 460 2366 in
477 2329 596 2380 Lugd.
611 2328 693 2367 edd.
723 2328 793 2367 Sed
805 2328 843 2365 in
858 2328 1009 2366 Veneta
1022 2339 1082 2364 an.
1102 2338 1214 2377 1543,
1231 2324 1338 2377 quod

72 2381 170 2419 idem
184 2380 374 2421 Meurfius
390 2394 533 2420 monet.
551 2382 648 2420 Vide
665 2382 898 2434 epigramma
917 2381 1020 2433 apud
1040 2382 1200 2419 Kennet.
1226 2393 1261 2430 p.
1274 2392 1337 2426 44.

72 2434 269 2473 Rhodium
283 2434 387 2474 fuiffe
399 2464 411 2482 ,
434 2435 551 2488 liquet
563 2448 611 2474 ex
626 2436 788 2474 Scholiis
802 2436 847 2474 ad
869 2437 982 2473 Ovum
994 2435 1165 2472 Simmiae.
1194 2433 1339 2475 Primus

74 2487 186 2531 edidit
207 2488 436 2538 Salmafius,
453 2501 568 2543 atque
582 2490 740 2532 eruditis
761 2488 920 2530 Scholiis
938 2487 1170 2582 ergepdavit.
1200 2486 1350 2528 Plinius

1080 2555 1098 2594 3
