1730 3326
310 208 336 259 1
383 208 430 258 N
526 204 569 258 A
618 204 672 259 M
717 205 766 258 o
815 204 858 259 R
908 213 944 258 E
991 206 1031 260 S.
1233 224 1325 281 577

54 300 62 304 '
114 295 188 338 ead.
200 298 224 338 l.
236 312 274 348 7.
286 298 507 353 ’Ύοικίνθοις)
518 300 726 340 Anacreon
740 300 856 340 etiam
871 301 987 341 habet
1001 316 1037 354 p.
1050 315 1099 341 m.
1109 301 1159 342 66
1172 303 1215 343 Β.
1237 319 1328 344 στε-

61 355 265 401 φανίσκους
281 348 460 393 ὑακίνθων.
475 354 562 394 Vid.
577 355 735 393 Homer.
749 353 824 393 Od.
839 358 878 400 Z,
897 369 986 407 231,
1001 356 1042 395 &
1055 360 1110 404 Ψ,
1128 370 1140 394 1
1155 356 1214 408 58,
1238 360 1325 408 167,

62 406 164 444 unde
177 406 296 458 petita
310 406 450 459 phrasis
465 407 529 446 est.
551 407 660 446 Adde
681 406 953 448 Philostratum
967 408 1017 461 98
1027 438 1042 454 ,
1063 410 1163 449 unde
1183 411 1327 464 liquet,

59 458 191 511 nigrum
203 459 374 499 colorem
388 460 582 512 designari.
607 459 766 500 SOLAN.

116 515 188 558 eqd.
206 514 231 551 l.
251 526 265 550 1
279 525 310 551 1.
326 513 543 567 Ἠλέιιτρου)
570 515 738 553 ΕΙεὲἵνιιηι
760 514 806 553 de
825 526 921 553 auro
943 513 1141 567 puriffimo
1164 517 1326 569 exponit

59 563 266 618 Spanhem.
280 566 326 605 ad
341 567 491 606 Callim.
505 580 589 620 pag.
604 569 694 616 684,
709 568 748 606 δι
764 567 946 620 Sophocl.
960 569 1090 621 Antig,
1105 582 1142 609 v.
1161 583 1257 624 1049
1272 583 1326 609 te-

60 617 153 657 stem
167 619 326 659 adducit.
349 620 495 659 Rmz.

114 672 195 710 ibid.
217 672 400 713 Σιδωνίας
423 672 556 723 ὑέλου)
581 674 736 714 Vitrum
758 673 975 714 Sidonium.
989 673 1138 715 Strabo.
1159 676 1326 718 Gurzr.

60 724 116 777 (i.
133 738 165 764 e.
182 725 223 764 L.
239 726 355 772 XVI,
371 741 406 780 p.
425 740 540 780 1099,
560 727 607 766 al.
622 727 733 779 758.)
751 728 898 766 RmTz.

115 782 188 819 ead.
203 781 227 817 l.
255 793 314 828 14.
333 782 414 820 Τοῖς
435 780 679 834 Σιατιθεῖσιν)
701 781 759 819 Ita
780 780 982 833 legendum
1008 781 1233 835 necessario,
1259 784 1327 825 etsi.

56 830 162 871 forte
176 844 312 872 contra
325 847 461 873 omnes
481 835 617 874 libros:
642 835 810 873 affivum
825 835 925 873 enim
941 837 1153 886 opponitur
1165 838 1329 889 paffivo,

61 896 105 924 ut
131 885 348 927 scholastice
374 888 556 927 dicamus.
582 888 638 928 Ita
659 901 751 927 mox
771 887 786 926 ὃ
810 887 949 926 διαθεὶς
971 887 1013 926 &
1033 888 1047 926 ὁ
1067 887 1279 940 ὑβρισμένος
1305 906 1328 932 e

62 940 221 992 regione
246 941 350 993 quasi
376 953 587 993 ponuntur.
607 942 733 982 GESN.
758 940 990 980 Διάτιθεῖσιν
1005 944 1155 982 monitu
1169 944 1329 984 Gesneri

60 994 121 1032 edi
142 995 303 1041 curavi,
324 995 391 1034 etfi
412 995 619 1037 smeeesm
641 995 720 1035 fine
735 995 922 1035 varietate
938 1006 1119 1035 annotata
1142 997 1274 1037 inveni
1289 1000 1328 1038 in

58 1046 144 1086 edd.
166 1048 310 1100 antiqq.
336 1049 483 1088 Risu—z.

114 1101 205 1154 Pag.
222 1101 311 1142 288,
328 1103 351 1141 l.
369 1117 404 1142 2.
415 1102 520 1142 Ὅθεν
533 1100 649 1155 εὑρέθη
666 1102 843 1155 τράπεζα
857 1101 965 1148 κοινὴ,
987 1100 1051 1141 καὶ
1068 1102 1203 1152 φιλίοις
1219 1106 1329 1154 μεσί-

57 1166 115 1194 mv
128 1156 320 1207 τράπεζάν
333 1156 596 1209 παραθέμενοι)
612 1156 704 1195 Νοη
718 1156 770 1195 est
781 1157 975 1203 credibile,
987 1158 1230 1197 vocabulum
1245 1160 1329 1211 τρά-

60 1208 164 1259 πεζά
185 1209 225 1247 in
237 1220 315 1248 tam
332 1210 465 1263 paucis
475 1210 604 1249 verbis
619 1210 674 1249 bis
688 1209 854 1263 pofitum
867 1209 940 1250 effe
952 1223 974 1249 a
993 1209 1178 1250 Luciano.
1193 1211 1238 1251 In
1253 1214 1327 1253 Ms.

59 1262 164 1302 reete
178 1261 364 1314 scribitur,
387 1263 452 1302 καὶ
467 1264 600 1313 φιλίοις
613 1266 763 1315 μεσίτιν
778 1263 904 1303 ἑστίαν
919 1280 964 1303 π.
975 1263 1204 1304 Communis
1219 1266 1329 1307 focus

57 1315 112 1354 est
126 1317 238 1355 uxori
253 1317 457 1357 &marito.
480 1318 582 1357 Hinc
598 1333 662 1370 pro
680 1318 750 1357 aris
763 1318 797 1356 6-
807 1317 900 1369 focis
922 1318 1089 1357 dimicare.
1110 1318 1272 1360 Inferius
1286 1323 1328 1360 in

57 1369 139 1410 hoc
150 1369 293 1417 libello,
307 1372 353 1410 de
366 1371 455 1410 feris
466 1371 658 1424 solivagis,
674 1373 764 1423 quia
774 1372 923 1411 ratione
939 1383 1084 1417 carent,
1095 1373 1201 1424 quasi
1212 1373 1329 1414 essent

57 1424 266 1476 praeditae,
280 1425 320 1476 ἐξ
332 1426 414 1465 ἰ’σου
429 1424 472 1464 <Pk
487 1423 570 1475 ἦμῖν
579 1425 655 1478 ἱερὰ
668 1425 903 1476 Σειμάμενοι,
913 1425 978 1463 καὶ
987 1426 1108 1475 μέσην
1119 1424 1247 1466 ἑστίαν
1259 1429 1330 1469 τῶν

59 1477 162 1517 isim
178 1474 339 1519 ἕκαστος
352 1478 467 1525 οἰκῶν,
483 1477 556 1517 ὑπο
569 1480 649 1519 τοῖς
659 1480 786 1520 κοινοῖς
799 1480 1052 1519 ἐπολιτεύοντο
1069 1478 1201 1528 νόμοις·
1209 1480 1277 1531 fid
1286 1497 1330 1521 ex

57 1547 164 1585 aequo
178 1531 348 1584 nobifium
363 1534 494 1586 templis
515 1534 719 1584 aedificatis,
739 1534 774 1572 δ’
788 1533 988 1572 inhabitatis
1002 1534 1140 1585 quisbue
1152 1535 1231 1585 ficis
1250 1535 1331 1574 lari-

57 1587 123 1626 bus
132 1616 144 1633 ,
168 1587 398 1626 communibus
416 1599 603 1638 regerentur
619 1588 759 1640 legibus.
785 1587 877 1626 Non
899 1587 1015 1639 longe
1031 1586 1116 1640 post
1129 1616 1139 1635 ,
1168 1588 1248 1626 ἀπὸ
1263 1588 1330 1629 τῆς

57 1640 227 1692 πατρίοις
240 1638 373 1680 ἑστίαις
388 1639 610 1693 ἐξέρχεται,
624 1657 667 1680 ex
683 1642 801 1693 patria
821 1644 917 1680 domo
924 1642 1046 1691 prodit.
1073 1640 1245 1681 GRAEV.

113 1697 187 1734 ead.
200 1695 223 1732 l.
239 1708 272 1747 3.
293 1694 444 1735 Μεσίτιν
461 1695 600 1748 τράφη)
616 1694 713 1735 Plut.
732 1710 809 1746 274
822 1694 846 1734 f.
873 1695 1005 1745 φιλίων
1025 1694 1116 1733 Βεᾶν
1131 1696 1253 1744 βωμος
1266 1697 1330 1735 καὶ

59 1746 190 1800 ξενίων.
220 1748 378 1787 SOLAN.
406 1748 574 1788 Retineo
595 1749 786 1802 τράπεζάν
814 1748 901 1794 hic,
924 1760 1027 1800 quae
1050 1749 1328 1799 παροιτιθεσῗσάι

56 1803 195 1855 potest.
204 1801 234 1840 F
236 1815 332 1841 ocus
343 1802 779 1853 domesticusbimmotuffi
791 1814 903 1855 puto,
914 1801 984 1849 est3
1000 1815 1235 1856 quamquam
1248 1817 1330 1844 non

57 1857 202 1909 ignoro
209 1855 381 1907 foculum,
398 1872 464 1909 quo
469 1855 636 1907 foventur
647 1857 774 1908 epulae.
799 1852 925 1896 GESN.

0 1910 1 1915 ’
113 1913 186 1950 ead.
206 1910 228 1948 l.
247 1924 277 1962 5.
301 1909 465 1963 Θάσιον)
493 1911 582 1950 Vid2
604 1909 798 1964 Aristoph.
821 1910 917 1949 Plut,
939 1922 1050 1957 1021,
1070 1903 1191 1961 ’Όζειν
1205 1924 1249 1949 τε
1265 1909 1330 1951 τῆς

58 1963 187 2017 χρόαις
199 1962 358 2011 ἔφασκεν
373 1962 443 2004 ὒέὑ
453 1978 539 2014 μου.
561 1968 627 2003 XF,
652 1964 686 2003 Εἰ
702 1965 839 2003 Θάσιον
853 1963 998 2014 ἐνέχεις
1015 1984 1059 1992 -—
1077 1964 1122 2001 ad
1135 1977 1236 2016 quae
1250 1966 1329 2004 vid.

60 2020 296 2070 interpretes.
317 2018 466 2057 Addam
485 2029 630 2058 tantum
647 2017 875 2058 Scholiastae
892 2018 1011 2056 verba
1025 2032 1033 2054 :
1047 2017 1146 2056 Ἐπεὶ
1164 2018 1197 2056 ἒν
1211 2018 1330 2066 Θάσῳ

61 2073 147 2122 ᾤκει
163 2073 381 2121 Στάφυλος,
401 2070 416 2110 ὃ
432 2071 598 2124 ἐρώμενος
611 2071 799 2112 Διονύσου.
814 2071 978 2124 ἓιοιφέρει
992 2073 1070 2124 γάρ
1089 2068 1105 2108 ὃ
1120 2071 1262 2111 Θάσιος
1279 2069 1331 2113 οῗ-

62 2140 120 2167 νος
133 2127 206 2166 &c.
229 2126 376 2165 Rmrz.

115 2182 189 2220 ead.
202 2181 225 2218 l.
244 2179 279 2218 8.
296 2177 512 2232 l‘vvoemsioe)
537 2178 730 2219 Assentior
751 2177 911 2218 Vorstio
927 2177 1147 2231 γυναικεῖαι
1164 2178 1328 2231 legenti3

61 2247 151 2275 nam
164 2246 208 2274 ut
227 2233 293 2286 ipfi
306 2247 386 2273 non
405 2233 580 2285 ignotum
596 2233 685 2280 fuit,
706 2234 842 2273 Atticis
857 2231 1042 2272 adie&iva
1057 2232 1268 2284 compofita
1287 2246 1332 2273 ac

61 2289 237 2328 derivata
261 2288 298 2326 in
324 2302 360 2327 ος
377 2289 575 2327 communi
599 2298 741 2340 genere
766 2286 964 2340 usurpari,
983 2285 1036 2324 ita
1059 2298 1120 2324 me
1135 2298 1216 2325 non
1235 2285 1333 2338 fugit

63 2343 200 2389 etiam,
223 2341 405 2380 Nostrum
425 2342 609 2382 adieffiva
632 2342 680 2380 ab
702 2340 942 2380 substantivis
958 2340 1128 2379 derivata
1152 2339 1332 2392 pleraque

60 2396 329 2435 terminatione
344 2394 522 2435 feminina
536 2394 685 2442 efferre,
711 2395 876 2434 maxime
894 2395 968 2433 hoc
981 2425 992 2442 ‚
1013 2394 1058 2432 de
1082 2406 1164 2445 quo
1180 2396 1334 2445 quaeri-

65 2462 174 2498 mus;
193 2460 236 2488 ut
252 2462 345 2488 mox
358 2463 391 2489 c.
407 2462 469 2499 27,
493 2449 700 2502 Philopatr.
716 2461 749 2487 c.
768 2463 785 2500 3
805 2449 879 2488 διε.
903 2447 1113 2487 Herodian.
1127 2447 1239 2486 etiam
1253 2447 1333 2495 VI,

66 2517 176 2558 5‚19‚
186 2504 387 2554 ’γυναικείᾳ
400 2502 707 2557 ὃειλίᾳιΑΙίἰςιιε
719 2501 861 2556 paffim.
873 2501 976 2541 Nihil
989 2501 1139 2541 interim
1151 2500 1332 2551 immuto,

143 2558 289 2600 Lucian.
322 2557 400 2600 Vol.
429 2556 478 2601 V.
1007 2553 1047 2597 O
1062 2566 1091 2594 ο
