1730 3326
394 215 485 264 sm
577 193 1446 243 ANNOTATIONES

388 285 502 339 μενοι)
515 284 576 325 Sic
590 286 673 324 dedi
688 297 758 336 pro
771 284 931 336 vulgato
943 281 1163 333 ἀφιξόμενοι,
1174 293 1218 322 ut
1227 282 1415 323 Ionismus
1426 283 1644 336 appare-eren

390 340 492 379 Nam
505 338 604 377 τετᾶὶε
619 337 817 389 adspiratio
829 336 957 376 omiss'a
970 349 1049 375 erat
1064 335 1171 387 supra
1184 349 1216 375 c.
1232 351 1275 375 21
1293 337 1333 375 &
1349 352 1410 385 24.
1424 336 1539 376 Conf.
1562 339 1644 377 He-

391 393 518 431 rodot.
535 391 614 444 ipso
630 392 744 443 princ.
768 390 835 430 ubi
851 390 1081 438 ἀπωσμένοις
1097 390 1139 428 δι
1162 389 1452 430 ἐσαπικνέεσθαι
1466 400 1538 436 ter,
1550 403 1644 442 qua-

391 455 450 484 ter
467 445 658 490 occurrit,
673 457 715 484 ac
730 444 901 495 deinceps
917 442 1060 480 millies.
1075 442 1219 481 Rerrz.

445 499 523 536 ibid.
539 500 595 535 Τέι
607 497 651 535 ἑὲ
670 495 804 547 φαῦλα
820 494 999 546 εὐμαρέως
1019 495 1217 545 δέχονται·
1232 493 1268 533 οὗ
1281 495 1359 547 γάρ
1372 507 1501 545 σφισιν
1517 493 1646 547 ἀγνοέ-

392 565 490 590 ουσιν
510 550 745 602 ἐπέρχεται)
769 549 830 589 Sic
844 547 1044 588 commode
1063 548 1213 587 Graeca
1233 549 1473 587 concinnavit
1486 549 1645 587 Benedi-

392 605 487 644 ἂυς.
502 604 572 644 Sed
588 616 666 642 non
681 603 776 642 bene
789 603 844 641 his
859 602 968 641 etiam
984 602 1180 653 apparavit
1194 601 1323 639 Latina
1334 631 1346 648 ‚
1368 603 1466 652 Quae
1488 615 1563 640 vero
1575 616 1643 640 non

393 658 653 710 imprudentibus
677 658 852 704 accidunt,
867 654 971 706 facile
985 654 1204 704 accipiuntur.
1222 657 1338 708 Neque
1354 656 1437 693 enim
1459 655 1494 692 in
1509 655 1585 692 illos
1599 655 1646 693 ir-

394 723 506 750 ruunt.
524 710 641 761 Quae
655 708 842 761 profecto,
868 719 910 747 ut
925 720 1097 759 magnam
1115 719 1259 760 partem
1275 707 1358 746 sunt
1377 708 1535 746 imitatio
1557 720 1646 746 ver-

393 763 508 804 sionis
533 763 692 809 Erasmi‚
717 764 765 801 ita
784 762 1000 813 exprimunt
1018 761 1163 812 penitus
1183 761 1353 800 ordinem
1377 761 1584 799 verborum
1604 761 1645 799 in

394 814 596 857 Basilednsi
611 816 834 859 exhibitum,
845 817 896 852 τὰ
909 814 953 854 s‘e
967 814 1157 866 dyvoe'ovoc
1170 813 1303 865 φαῦλα
1317 811 1498 864 εὐμαρέως
1510 813 1648 864 δέχον-

394 884 472 910 ται·
491 866 529 909 οὗ
551 873 630 922 γάρ
643 882 745 915 σφισι
761 869 987 919 ἐπέρχεται.
1009 867 1071 906 De
1091 881 1172 919 quo
1191 867 1218 906 si
1240 879 1331 906 vere
1346 867 1589 919 pronuntiare
1603 867 1648 906 li-

394 934 457 963 cet
471 954 482 971 ‚
501 933 626 962 totum
651 923 762 974 plane
783 920 1040 960 alienissimum
1052 949 1063 966 ‚
1085 921 1204 960 immo
1218 921 1451 960 contrarium
1466 918 1518 959 est
1531 920 1648 959 menti

393 977 561 1019 auftoris
572 1007 583 1024 ‚
597 976 636 1015 δι
650 977 734 1015 hinc
746 976 842 1014 idem
858 973 1079 1013 censendum
1101 974 1145 1013 de
1157 973 1348 1013 Benedicii
1361 973 1534 1013 versione
1544 1003 1557 1020 ‚
1571 986 1648 1026 qua

393 1032 511 1083 longe
520 1029 843 1070 accommodatior
855 1027 913 1066 illa
930 1027 1089 1066 Erasmi:
1104 1024 1196 1066 hiala
1209 1026 1406 1077 verosimile,
1426 1041 1500 1066 cum
1512 1042 1579 1066 non
1591 1027 1649 1066 im·

391 1085 612 1137 prudentibus
623 1083 771 1122 venerim
780 1111 793 1128 ,
808 1082 1028 1134 accipiuntur.
1043 1083 1160 1133 Neque
1171 1081 1254 1120 enim
1266 1082 1301 1118 in
1319 1081 1396 1120 illos
1415 1081 1554 1118 irruunt.
1568 1080 1647 1120 Hic

396 1140 558 1185 haereo,
584 1138 673 1188 quia
697 1135 842 1180 nescio,
863 1148 960 1185 quae
977 1134 1021 1173 sit
1046 1133 1224 1187 scriptura
1247 1144 1357 1173 vetus
1379 1134 1416 1172 in
1440 1132 1649 1173 Codicibus

396 1190 481 1231 Mff.
498 1190 608 1229 Unde
623 1189 664 1228 δι
679 1201 783 1241 pater
797 1188 852 1228 ed.
869 1186 1066 1227 Basileensi
1083 1188 1118 1226 in
1132 1201 1231 1227 voce
1246 1188 1441 1240 ἀγνοέουσι
1463 1185 1648 1239 adscripsit

395 1244 631 1294 περινοέουσι,
645 1243 789 1294 optime
798 1242 843 1280 ad
858 1240 1074 1280 sententiam
1088 1241 1254 1286 Luciani,
1273 1241 1333 1280 sed
1348 1240 1497 1292 longius
1509 1240 1556 1279 ab
1568 1240 1651 1279 vul-

396 1307 485 1349 gata
500 1296 661 1335 lectione
675 1294 872 1335 discedens.
889 1293 946 1339 Si,
965 1294 1068 1346 quod
1085 1295 1196 1334 edidit
1208 1294 1451 1340 Benediffis,
1471 1293 1590 1333 exstat
1611 1294 1649 1332 in

394 1351 562 1401 scriptis,
581 1350 720 1401 opinor
747 1346 936 1387 verissime
955 1347 1174 1387 sententiam
1200 1347 1364 1387 aucloris
1386 1346 1436 1386 sic
1457 1360 1504 1386 ex
1537 1347 1649 1394 rimi,

396 1402 537 1454 adversa
551 1414 659 1441 autem
667 1401 772 1453 fhcile
782 1402 1013 1453 excipiuntur:
1032 1417 1099 1440 non
1120 1402 1204 1440 enim
1224 1402 1483 1453 imprudentibus
1489 1361 1649 1454 Ιξιρεννε·

396 1458 495 1496 niunt
508 1457 583 1496 ὅτε.
601 1456 745 1496 GRON.
756 1457 812 1493 Τὶι
827 1455 872 1493 δὲ
886 1453 1024 1504 φαῦλα
1044 1455 1071 1493 ἐ.
1088 1454 1126 1494 ἒ.
1147 1455 1248 1494 meite
1262 1455 1317 1493 Μ.
1332 1455 1384 1492 Fl.
1399 1455 1437 1492 S.
1451 1453 1489 1492 δι
1510 1456 1558 1494 Α.
1571 1453 1649 1494 Re-

394 1511 522 1564 liquae
536 1510 616 1549 edd.
629 1512 686 1560 027
694 1510 823 1549 νοέουσι
840 1521 958 1560 prave
972 1507 1055 1560 post
1067 1509 1119 1546 τὰ
1131 1507 1175 1547 Σὲ
1187 1539 1198 1557 ,
1211 1518 1371 1560 ponunt.
1392 1507 1547 1546 SOLAN.

450 1565 541 1615 Pag.
559 1576 646 1615 230.
663 1564 687 1602 l.
702 1578 734 1615 3.
746 1561 955 1615 Ἡγέαται)
977 1561 1033 1600 Ita
1050 1574 1137 1601 cum
1159 1561 1282 1601 lensio
1297 1560 1434 1601 credidi
1449 1560 1648 1612 legendum

395 1631 468 1671 pro
487 1617 650 1669 vulgato
666 1615 832 1668 ἴιγεῖται·
852 1614 918 1654 etsi
939 1614 1149 1654 contraffio
1170 1616 1207 1653 in
1228 1614 1408 1654 similibus
1428 1615 1551 1654 verbis
1570 1627 1650 1655 non

393 1671 540 1723 semper
555 1670 705 1709 videtur
714 1668 836 1722 respui
848 1669 894 1708 ab
904 1668 1072 1708 Ionibus.
1085 1667 1143 1708 Sic
1155 1668 1192 1707 in
1206 1669 1392 1722 Hippocr.
1404 1668 1597 1707 Mochlico
1610 1682 1648 1721 p.

395 1738 446 1765 m.
461 1738 475 1763 1
489 1738 529 1777 13
548 1723 774 1776 ὁμολογεῖ-ιω
789 1723 935 1774 legitur.
950 1721 1010 1761 Ac
1028 1723 1073 1761 de
1085 1722 1268 1761 Articulis
1280 1736 1316 1775 p.
1330 1736 1374 1775 91
1391 1720 1648 1775 μυθολογοῦσι.

394 1778 490 1818 Item
505 1775 703 1831 yvioUv-toei
718 1776 803 1815 ibid.
819 1779 860 1816 δι
881 1775 999 1814 multa
1015 1774 1147 1814 similia
1160 1775 1270 1821 alibi,
1287 1788 1384 1828 quae
1407 1786 1472 1826 per
1490 1774 1649 1826 dialysin

393 1844 552 1885 quoque
565 1844 674 1869 more
685 1830 819 1869 lonico
832 1827 1038 1881 potuiffent
1054 1827 1185 1874 scribi,
1204 1841 1378 1881 quaeque
1398 1838 1554 1881 propter
1573 1827 1649 1868 fre-

394 1886 589 1937 quentiam
606 1884 806 1922 immutare
822 1895 901 1921 non
915 1881 1045 1922 ausim.
1059 1883 1207 1921 Verum
1221 1895 1307 1922 cum
1324 1883 1442 1921 dedita
1457 1894 1574 1934 opera
1589 1882 1649 1921 Io-

394 1938 557 1978 nismum
578 1938 638 1976 hic
653 1936 802 1976 affeetet
822 1936 1012 1975 Lucianus
1023 1966 1034 1983 ,
1049 1936 1177 1974 omnia
1190 1936 1235 1975 ad
1250 1936 1355 1974 illum
1374 1947 1486 1974 erunt
1500 1948 1648 1975 accom-

394 1992 604 2038 modanda,
618 1996 868 2043 quaecunque
880 1988 1042 2041 poffiint.
1059 1989 1231 2028 Maxime
1241 2019 1250 2034 ,
1266 2002 1353 2028 cum
1369 1988 1477 2041 supra
1490 2001 1646 2041 quoque

399 2047 562 2085 -έαται
578 2057 656 2083 non
671 2044 769 2083 εῖται
783 2044 933 2083 dederit.
945 2043 1103 2094 Alioqui
1116 2042 1155 2082 δι
1167 2056 1215 2082 ex
1227 2043 1414 2082 Herodot.
1428 2043 1464 2080 in
1476 2056 1557 2094 quo
1571 2043 1647 2081 dia·

392 2098 495 2150 lyses
507 2098 782 2151 ftequentiores
797 2097 895 2142 sunt,
907 2109 987 2135 non
999 2096 1180 2135 absimilia
1196 2097 1373 2149 vulgatae
1386 2095 1555 2148 proferre
1567 2094 1646 2148 pos-

393 2152 469 2192 sem
482 2183 496 2200 ,
510 2163 552 2192 ut
565 2165 612 2192 ex
625 2152 666 2191 L.
682 2150 715 2190 Il
728 2182 741 2197 ,
753 2150 831 2189 sive
842 2150 994 2202 Euterp.
1010 2164 1044 2202 p.
1060 2163 1132 2198 104
1144 2150 1201 2188 ed.
1213 2150 1339 2202 Steph.
1352 2149 1397 2190 C.
1411 2147 1647 2200 ἀναισιμοῦν-

393 2221 475 2246 ται.
495 2205 565 2246 Sed
585 2205 622 2243 in
636 2204 859 2257 quibusdam
880 2214 1024 2243 tantum
1043 2204 1171 2243 verbis
1183 2203 1486 2242 contraffionem
1507 2203 1646 2242 habent

393 2260 507 2300 Iones
518 2290 532 2306 ‚
545 2260 583 2298 in
600 2258 821 2311 quibusdam
843 2270 1051 2310 nunquam.
1074 2256 1190 2297 Conf.
1204 2256 1343 2311 supra§
1361 2270 1406 2310 19
1420 2256 1564 2302 βαλεῖν,
1580 2256 1646 2296 ubi

394 2314 434 2354 δι
448 2314 591 2360 βαλέειν
606 2311 788 2364 potuiffes
803 2312 1000 2351 coniicere.
1012 2310 1158 2350 RmTz.

609 2380 1642 2395 ——a-—ffi———ss

551 2414 653 2459 IN
719 2411 1471 2459 DEMONACTEM.

397 2521 401 2523 Α
446 2477 537 2532 Pag.
552 2479 675 2532 231.l.
686 2475 1217 2530 1.AHMQN.)Dem0naEtem
1230 2476 1417 2530 quendam
1431 2474 1647 2528 Cyrenaels
