1730 3326
401 160 1101 210 INAMORES.
1289 171 1373 232 561

104 262 149 288 νο
171 248 323 295 venales,
337 261 461 302 parvo
481 249 629 302 pretio,
651 249 797 288 minuta
821 251 1002 302 pecunia,
1017 251 1198 292 conduffl
1221 254 1263 294 δι
1283 269 1380 309 ope.

103 315 185 341 ram
201 302 306 342 suam
320 302 554 342 vendentes?
571 302 673 343 Cum
691 304 792 342 enim
806 307 850 342 τὸ
869 304 1041 354 διάφορον
1063 305 1107 344 sit
1121 310 1213 359 quod
1226 310 1353 362 interest
1363 340 1376 356 ‚

103 357 230 408 potest
250 355 354 403 fieri,
375 367 419 395 ut
438 357 600 395 dixerint
619 357 762 396 Graeci
783 357 913 409 ὀλίγον
931 357 1102 410 διάφορος
1123 359 1232 399 τοῦτο
1256 364 1375 410 ποιεῖ,

96 423 214 462 parva
232 413 373 449 mercede
389 413 450 450 hoc
461 410 565 461 facit.
581 409 653 449 Sed
674 410 849 450 nondum
867 410 986 449 auslm
1003 413 1209 465 quidquam
1233 416 1374 456 asseve-

100 475 197 502 rare.
215 463 311 502 Illud
328 474 495 510 maneat,
507 464 656 516 praesto
670 462 779 503 fuiffe
792 464 967 503 homines
982 478 1030 504 ex
1044 479 1092 505 eo
1107 480 1258 518 genere,
1272 483 1374 522 quos

101 515 244 556 Graeci
262 517 458 569 ἐξηγητὰς
473 518 624 564 dixere,
644 517 708 557 vel
732 520 983 570 περιηγητὰς·
1003 520 1222 573 opizo-‘ropac
1239 525 1374 576 ἐγχω-

97 569 175 621 ρίων
190 570 393 623 appellavit
407 570 626 623 Aeschylus
639 570 773 624 Suppl.
791 584 875 623 50¹·
895 570 1010 611 Siculi
1030 573 1231 614 Ciceronis
1249 590 1372 617 aetate

99 625 314 677 mystagogos
329 626 547 671 vocabant,
561 625 618 678 qui
640 624 788 677 hospites
798 627 848 663 ad
860 641 900 663 ea
910 655 921 673 ‚
939 641 1024 677 quae
1037 627 1177 678 visenda
1184 626 1290 680 fiant,
1306 635 1371 670 du-

99 691 170 715 cere
175 678 310 728 solent,
328 678 363 716 6·
378 679 623 732 unumquidque
636 681 805 732 ostendere.
821 678 902 718 Cic.
917 680 1032 718 Verr.
1055 697 1080 729 4
1091 713 1101 729 ,
1120 694 1176 734 59.
1193 685 1369 735 Monstra-

95 741 152 769 ιον
166 731 258 774 Italis
279 731 332 771 est
353 732 511 772 Lucano
536 733 614 779 lx,
638 746 727 786 979.
754 732 872 784 Quae
897 733 982 771 loca
1005 735 1078 772 iam
1102 735 1255 775 laudata
1280 738 1369 777 sunt

96 783 330 837 Spanhemio
342 786 422 825 diff.
436 787 472 833 Ι,
492 799 579 840 pag.
597 787 633 826 6.
647 786 875 839 Antiquarios
890 786 1005 826 hodie
1017 787 1169 827 Romae
1182 791 1252 830 dici
1264 822 1277 838 ,
1296 805 1369 833 no.

95 849 178 877 tum
199 838 264 878 est.
287 839 415 880 GESN.
889 866 893 883 ι

149 892 242 944 Pag.
259 893 346 946 265.
365 895 389 932 l.
414 906 471 933 10.
492 894 780 947 Προηγουμένως
802 895 880 948 Ἰὰς
902 894 1105 935 ’πολιτικῶν
1122 898 1245 951 λόγων
1260 899 1367 950 πρωΐ.

94 945 247 998 στατο)
272 946 499 987 Bafileenses
524 961 704 994 vertunt,
719 963 797 986 nam
814 956 853 999 se
877 950 970 987 velut
988 952 1102 989 ducem
1124 966 1225 1004 atque
1245 957 1368 1005 antefi-

90 1013 250 1051 gnantem
264 1000 300 1038 in
313 1002 469 1040 civilibus
484 1003 691 1041 orationihus
700 1004 835 1052 gerebat
842 1018 858 1049 ,·
874 1012 918 1041 ut
934 1003 975 1042 &
991 1004 1264 1045 Bourdelotius
1273 1038 1284 1053 ‚
1297 1007 1365 1046 nist

94 1054 203 1105 quod
217 1057 482 1107 antessgnanum.
504 1056 729 1096 BenediCtus
739 1085 752 1102 ,
766 1072 845 1094 nam
850 1054 891 1107 se
908 1057 1014 1095 veluti
1028 1062 1141 1097 a'ucem
1157 1061 1192 1097 in
1208 1061 1364 1099 civilibus

92 1108 303 1147 orationibus
316 1112 459 1162 gerebat.
485 1110 568 1150 Nec
587 1110 692 1148 veluti
716 1110 752 1147 in
774 1109 933 1149 Graecis
949 1110 1024 1157 est,
1042 1124 1111 1150 nec
1127 1118 1366 1165 προηγουμέ-

92 1175 164 1201 ms*
174 1161 211 1200 in
233 1162 382 1203 Latinis
397 1162 570 1217 apparet,
591 1164 697 1216 quod
714 1174 822 1215 pater
843 1164 1162 1217 interpretabatur
1184 1169 1364 1219 inprimis.

90 1213 230 1255 Sensus
243 1216 319 1261 est,
333 1233 411 1257 nam
425 1217 605 1270 praecipue
625 1219 679 1256 his
699 1218 869 1264 civilibus,
889 1219 922 1255 h.
938 1231 972 1257 e.
994 1231 1074 1258 non
1092 1219 1310 1261 doffiffimis
1322 1222 1364 1262 δι

89 1269 393 1310 elaboratiffimis
404 1302 415 1320 ‚
430 1271 638 1310 orationibus
645 1283 811 1324 praeerat.
824 1271 969 1312 GRON.

144 1324 236 1377 Pag.
252 1324 340 1364 266.
353 1325 377 1364 l.
393 1338 425 1377 5.
437 1325 521 1378 Ἐμὲ
535 1325 552 1379 )
565 1325 628 1365 Sic
649 1326 691 1365 L.
705 1326 840 1365 melius
853 1339 969 1379 quam
990 1326 1091 1376 ἐμοὶ,
1103 1328 1209 1380 quod
1223 1329 1261 1368 in
1277 1329 1364 1370 reli-

87 1377 176 1431 quis
191 1377 427 1419 est.So1.AN.

143 1436 216 1471 ead.
231 1432 255 1470 l.
272 1433 310 1472 6.
321 1433 529 1487 ’E-yeipme)
542 1434 706 1474 Veteres
717 1433 798 1474 edd.
814 1433 1003 1487 ἐγείρηται
1014 1464 1024 1483 ,
1040 1447 1177 1487 prave:
1191 1438 1362 1477 mutavit

88 1486 138 1525 B.
150 1499 186 1525 2.
199 1486 360 1526 SOLAN.

143 1543 217 1580 ead.
228 1542 252 1581 l.
269 1540 303 1580 8.
315 1539 358 1580 ‘O
369 1539 559 1595 πρότερος)
575 1541 737 1594 Optima
752 1542 846 1581 haec
864 1541 1057 1595 scriptura.
1073 1542 1210 1594 Quam
1230 1556 1361 1584 autem

87 1593 455 1635 obtruditVorstius
467 1595 656 1647 ὁπότερος,
673 1601 929 1649 (quam‘quam
948 1596 1066 1635 exstet
1078 1599 1192 1635 etiam
1211 1599 1249 1636 in
1267 1599 1324 1638 M.
1338 1612 1361 1638 a

86 1649 309 1688 recentiore
325 1662 441 1689 manu
457 1648 643 1702 repofita)
659 1650 784 1689 minus
796 1651 987 1689 concinna
1000 1651 1161 1689 videtur.
1174 1651 1336 1691 SOLAN.

141 1705 218 1742 ead.
230 1703 254 1742 l.
270 1716 328 1757 13.
339 1701 646 1756 Ὕπογράφοντος
661 1699 823 1756 αὖτοὺς)
842 1703 918 1743 Pro
938 1704 1010 1742 hac
1031 1703 1213 1757 scriptura
1235 1707 1275 1743 in
1287 1706 1362 1746 W.

85 1755 142 1796 est
154 1753 294 1809 ὑπογρ.
306 1753 447 1804 αὖτοῖς,
460 1757 571 1798 uti&
585 1757 625 1798 in
638 1757 693 1796 Fl.
707 1757 747 1797 δι
758 1759 789 1796 Ι.
803 1757 848 1796 In
858 1757 896 1796 P.
913 1770 1012 1797 vero
1029 1757 1071 1796 δι
1090 1758 1243 1810 reliquis
1263 1757 1361 1798 ὑπο-

84 1812 313 1863 ·γροιφέντος
331 1807 471 1852 αὐτοῖς.
494 1807 633 1850 Αὐτοὺς
658 1822 789 1850 tamen
811 1811 1000 1863 Excerpta
1015 1810 1201 1850 Perizonii
1221 1824 1361 1852 notant

85 1865 243 1916 reperiri
256 1865 293 1903 in
306 1865 346 1905 P.
361 1877 451 1905 cum
471 1865 511 1904 in
523 1865 578 1904 Fl.
591 1864 636 1903 fit
651 1861 794 1911 αὐτοῖς,
807 1877 1041 1918 noteturque
1056 1876 1099 1904 ut
1116 1866 1260 1905 diversa
1274 1866 1361 1906 scri-

84 1929 210 1971 ptura.
225 1918 385 1959 SOLAN.
400 1917 535 1958 Frater
547 1919 714 1959 Carolus
727 1918 932 1958 Conradus
953 1920 1126 1966 coniicit,
1145 1921 1360 1960 Lucianum

82 1971 262 2027 scripfiffe
276 1971 571 2026 horo-yvetoe‘v‘toe.
585 1973 723 2013 Laudo
737 1973 1010 2013 conie&uram.
1027 1973 1173 2012 Rzrrz.

139 2029 216 2066 ead.
229 2028 252 2066 l.
271 2027 331 2067 16.
345 2028 480 2078 Χωρίων
496 2026 720 2080 κηδεμόνες)
740 2027 889 2067 Contra
902 2039 1147 2080 praeceptum
1161 2027 1362 2068 Columel-

84 2079 145 2120 lae
157 2080 194 2127 I,
207 2080 230 2120 8
239 2111 252 2130 ,
267 2095 282 2120 1
291 2110 302 2129 ,
323 2083 382 2121 Ne
394 2082 544 2121 villicum
556 2096 599 2120 ex
612 2096 649 2119 eo
663 2096 775 2135 genere
788 2081 964 2133 servorum
977 2112 987 2129 ,
999 2082 1057 2134 qui
1071 2096 1203 2133 corpore
1220 2084 1361 2135 placue-

46 2133 56 2136 “
86 2147 188 2184 runt,
203 2135 437 2187 instituamus:
454 2135 496 2175 &
510 2135 661 2174 Palladii
675 2136 715 2181 I,
728 2136 752 2176 6
762 2164 774 2182 ‚
790 2149 804 2174 1
814 2135 835 2174 8
846 2164 859 2181 ,
872 2136 962 2189 Agri
970 2135 1154 2187 praesulem
1167 2153 1233 2174 non
1247 2152 1288 2174 cx
1305 2137 1362 2175 di-

87 2189 179 2228 ‚celis
189 2200 295 2229 tenere
300 2189 449 2242 servulis
454 2204 586 2244 ponas‚·
601 2189 680 2242 quia
686 2190 821 2241 fiducia
838 2190 1011 2244 praeteriti
1030 2189 1155 2228 amoris
1175 2191 1359 2243 impunita-

86 2254 151 2282 tem
163 2244 282 2297 culpae
291 2244 477 2297 praesentis
488 2244 667 2296 exspeblat.
679 2243 806 2284 GESN.

140 2297 230 2348 Pag.
244 2300 334 2349 267.
348 2299 371 2336 1.
385 2312 418 2351 3.
431 2296 591 2350 Ἀκαρὶἷ)
607 2297 728 2343 Vide,
742 2297 771 2336 fi
783 2296 889 2336 lubet
900 2327 913 2342 ,
925 2296 1136 2336 Scholium.
1151 2296 1313 2338 SOLAN.

139 2354 214 2390 ead.
226 2353 251 2392 l.
260 2353 424 2404 9.'E7rn·y
431 2351 539 2404 όμην)
550 2351 653 2390 Male
664 2362 774 2390 antea
786 2351 985 2402 legebatur
995 2351 1213 2404 ἐστεργόμην.
1225 2354 1361 2391 Emen-

83 2403 214 2444 daram
243 2417 330 2446 ante
342 2436 352 2455 ,
369 2419 485 2460 quam
509 2405 667 2445 Codicis
688 2407 760 2444 W.
784 2404 968 2444 leffiones
991 2406 1182 2451 viditiem,
1207 2406 1247 2444 in
1276 2418 1359 2458 quo

83 2459 198 2499 etiam
213 2458 315 2500 reete
327 2459 449 2513 ἒπκγ.
460 2460 620 2500 SoLAN.
634 2459 855 2513 Legendum
867 2457 945 2499 sine
963 2459 1200 2553 dubgatione
1213 2460 1359 2513 ἐπηγό-

191 2513 337 2555 Lucian.
363 2515 443 2555 Vol.
463 2516 509 2556 V.
756 2536 759 2538 >
1083 2525 1110 2551 n
