1730 3326
286 209 1044 259 LECTIONES.
1206 225 1300 283 339·

40 298 242 355 Ἐχρῦντὴ
254 298 408 352 ἒχρὶἶντο
423 300 563 339 editum
577 313 678 348 erat3
693 301 859 341 mutavit
873 301 1047 341 Solanus.
1075 303 1099 342 l.
1118 304 1176 343 18.
1189 307 1251 346 col.
1267 316 1303 348 ιζ

39 355 239 406 Χρώμενος)
252 351 460 407 κεχρῆσθαι
475 356 615 393 editum
631 367 713 393 erat
722 383 735 402 ‚
749 356 912 394 mutavit
924 355 1052 394 Solan.
1069 370 1146 396 non
1161 360 1300 402 addens

39 420 88 446 ex
101 420 182 460 quo
196 407 292 447 Cod.
308 407 378 446 Sed
395 408 561 446 coniicio
575 420 624 446 ex
637 408 689 446 V.
704 409 812 460 Reitz.
874 409 954 447 ibid.
970 410 994 447 l.
1015 423 1076 457 24.
1092 413 1299 467 Φωσώνιαι)

39 473 163 510 <pena-c.
181 459 226 498 C.
240 460 342 500 Abb.
371 460 461 512 Pag.
477 462 559 510 178.
574 462 596 500 l.
612 460 667 499 16.
683 461 744 500 col.
765 475 799 498 2.
810 454 987 514 ''Eveniaoo
1001 462 1118 502 Rec'k‘
1132 463 1181 502 fic
1197 467 1300 505 resti-

37 514 110 552 tuit
123 513 249 552 Solan.
264 526 335 564 pro
352 512 510 565 vulgato
523 514 700 566 αἴνιγμα.
717 515 829 565 Κείιζ.
883 515 906 551 l.
920 530 940 553 2
950 528 982 564 5.
993 517 1057 554 col.
1078 530 1108 554 1.
1121 516 1298 568 Ὕπςζεύ-

36 566 214 618 χθησοιν)
232 566 278 604 Et
294 567 367 605 hoc
381 565 510 605 Solani
529 566 757 606 correffloni
775 567 975 616 debemus,
991 581 1062 618 pro
1083 569 1297 611 monstroso

37 616 333 672 ὑπερεόχθεσαν,
345 620 449 672 quod
462 620 602 658 editum
617 619 749 658 fuerat.
779 620 859 659 ibid.
875 622 897 658 l.
915 618 1152 674 27.²‘A{v¹yoe)
1166 624 1220 662 Ita
1231 626 1297 664 de-

35 672 89 711 dit
103 673 199 711 idem
214 685 284 725 pro
298 673 456 725 vulgato
470 672 622 725 ἄζυγον.
639 672 759 713 Βεξὶε
771 673 922 725 quidem
936 675 983 712 ab
998 677 1108 726 ἁιζυξ.
1125 676 1196 716 Sed
1207 681 1298 728 quia

37 725 106 765 &5
123 726 186 764 καὶ
198 726 217 766 ἣ
232 724 379 778 ἄζυγος
393 727 538 772 dicitur,
553 739 595 765 ut
611 726 747 765 Amor.
759 739 840 777 cap.
855 742 906 776 44
919 728 1059 780 agzlvyou
1073 730 1210 775 κοίτης,
1226 744 1300 771 ne-

36 778 116 818 scio
131 780 315 832 numquid
331 779 531 819 necessaria
542 779 585 818 fit
602 782 772 819 mutatio.
788 782 904 833 Reitz.
927 783 1005 820 ibid.
1021 783 1042 820 l.
1062 783 1122 822 28.
1135 783 1298 835 'Ao-*tpa-

36 832 229 885 βηλέιτας)
243 834 549 884 ἀστροιβηλέιτους
560 833 657 872 male
670 834 727 872 ed.
746 833 847 873 Cler.
904 838 976 874 ead.
994 837 1056 875 col.
1077 850 1111 874 2.
1128 841 1275 889 Σιτηρον

38 887 172 936 σίτορον
184 888 241 925 ed.
254 887 354 927 Cler.
371 888 541 926 Muravit
555 888 682 925 Solan.
716 887 802 939 Pag.
819 900 903 938 179.
916 887 940 926 l.
955 903 988 939 3.
1001 838 1298 945 Γηποιττίιλουςζ

36 938 322 992 ‘yria-tarnim&
334 939 433 980 Coll.
445 940 544 978 Cum
561 941 714 991 vulgata
725 939 813 979 facit
825 941 879 979 M.
892 942 929 979 ἃ
940 942 994 979 Fl.
1015 943 1089 981 &c.
1118 944 1141 981 l.
1156 959 1193 991 4.
1208 948 1297 995 Βραι-

36 991 173 1045 κάνων)
186 994 386 1044 βραχόινων
402 994 501 1033 Coll.
516 995 578 1032 Nil
593 1004 684 1032 mut.
700 995 753 1031 Fl.
769 995 821 1031 H.
834 995 891 1032 Μ.
902 993 976 1032 &c.
1004 998 1078 1034 ead.
1090 1001 1296 1047 Λαχανευ-

36 1046 151 1099 σάμ.)
165 1048 268 1099 λίχν.
283 1046 338 1085 Fl.
369 1048 389 1085 l.
407 1050 440 1085 6.
454 1046 621 1099 ’ὲὸίιρηή
637 1047 728 1085 Εάἀ.
744 1047 891 1097 priores
904 1046 1071 1099 ἑδῖιῤῥην,
1088 1051 1194 1089 male.
1223 1051 1245 1089 l.
1258 1065 1297 1102 9.

34 1098 336 1152 Ἀπολουόμενος)
349 1100 713 1150 Εάἀ.”Απολοὺμενος
723 1101 793 1138 W.
809 1101 846 1138 ἀ
860 1100 915 1137 Fl.
945 1101 967 1138 l.
985 1114 1042 1139 10.
1057 1104 1120 1140 col.
1140 1117 1169 1141 1.
1181 1106 1295 1143 Ἀλη-

36 1153 172 1206 λεσμ.)
189 1152 372 1202 {moniam
385 1164 472 1191 ante
494 1153 699 1204 legebatur.
721 1153 902 1192 Correxit
923 1154 1052 1193 Solan.
1066 1168 1113 1194 ex
1127 1156 1170 1195 C.
1192 1158 1296 1198 Abb.

37 1205 80 1244 δι
96 1206 193 1246 Cod.
210 1207 328 1245 altero
341 1207 390 1246 V.
403 1206 418 1257 (
431 1208 467 1244 in
485 1219 566 1256 quo
581 1217 706 1245 tamen
724 1206 961 1246 λεκυθὸπολις
973 1208 1058 1260 est.)
1098 1210 1178 1248 ibid.
1191 1212 1215 1249 l.
1231 1225 1245 1249 1
1258 1226 1292 1250 1.

32 1259 182 1313 Ἰατροὶ)
198 1260 252 1298 Ex
266 1260 317 1298 V.
332 1259 453 1298 altero
467 1260 506 1298 δε
524 1258 567 1298 C.
587 1260 686 1298 Abb.
700 1259 864 1311 Ἰατρεῖον
878 1262 979 1300 enim
995 1262 1091 1301 male
1107 1263 1165 1302 hic
1183 1276 1295 1305 antea

35 1313 227 1353 edebatur.
257 1313 336 1352 ibid.
350 1314 372 1351 l.
393 1327 448 1366 ¹9·
460 1312 775 1367 Περιτραχήλιον)
787 1313 1068 1367 Σεριτροιχὴλιον
1079 1317 1129 1356 V.
1143 1317 1296 1357 aliunde

35 1365 112 1405 huc
126 1366 360 1406 translatum.
376 1367 494 1406 Solan.
549 1369 572 1405 l.
589 1382 650 1406 21.
663 1368 726 1407 col.
745 1382 780 1405 2.
798 1368 1017 1421 Φαρμάκου)
1031 1382 1151 1419 φ-κ.
1168 1371 1296 1423 pofito

33 1434 72 1472 χ
84 1419 195 1471 supra
207 1435 230 1459 κ.
244 1421 293 1459 V.
313 1420 335 1458 i.
349 1433 383 1459 e.
397 1420 617 1471 φαρμακῶν.
632 1423 749 1461 Solan.
762 1421 833 1460 Sed
844 1421 1051 1472 φαρμάκων
1063 1422 1193 1462 saltem
1206 1424 1294 1464 scri-

30 1473 222 1520 bendum,
239 1474 349 1513 nimis
364 1485 511 1514 notum.
524 1475 634 1526 Reirz.
692 1475 712 1512 l.
729 1489 789 1525 23.
803 1475 865 1513 col.
887 1489 917 1512 1.
935 1477 1161 1526 Σκευόιζειν)
1184 1479 1294 1517 κευέι-

34 1527 107 1578 <siv
118 1539 204 1567 ante
216 1527 412 1573 edebatur,
427 1528 533 1580 quod
548 1529 717 1568 correxit
731 1527 859 1566 Solan.
913 1528 993 1566 ihia.
1008 1530 1030 1566 l.
1049 1544 1110 1582 25.
1127 1532 1294 1585 Σκάφη)

35 1580 119 1620 ἐστὶ
132 1581 254 1627 σκάφη
269 1592 356 1620 ante
367 1581 583 1633 legebatur:
607 1580 667 1620 sed
686 1582 766 1619 ἐστὶ
789 1581 928 1620 delevit
942 1582 1052 1622 idem.
1105 1584 1182 1622 ibid.
1193 1585 1215 1623 l.
1231 1599 1294 1637 29.

0 1636 1 1667 ἓ
35 1634 172 1686 Μέσον)
183 1634 297 1686 μέγα
313 1635 403 1674 Exc.
417 1634 462 1672 G.
475 1635 592 1674 Μέσον
603 1647 691 1673 cum
705 1635 756 1672 V.
774 1634 821 1673 C.
835 1634 935 1672 Abb.
976 1635 997 1675 l.
1012 1649 1071 1688 30.
1085 1638 1148 1675 col.
1167 1652 1202 1676 2.
1219 1641 1294 1678 Κά-

35 1687 155 1740 χρυς)
167 1688 230 1726 καὶ
243 1687 342 1740 χρόν
354 1688 499 1727 editum
512 1689 664 1735 inveni3
679 1687 737 1726 sed
750 1687 868 1726 facilis
879 1699 958 1726 erat
970 1691 1172 1730 correffio.
1183 1694 1294 1744 ΙέεἱιῑΦ

33 1741 126 1792 Pag.
143 1741 227 1780 180.
238 1743 262 1779 l.
281 1755 312 1780 1.
324 1740 527 1793 Ἀποθρέξ.)
542 1742 706 1793 ἀποθρίξ.
720 1740 835 1780 coni.
854 1743 952 1794 apud
967 1743 1013 1781 B.
1055 1745 1078 1783 l.
1095 1759 1126 1797 3.
1142 1748 1293 1798 Σέλγη)

36 1793 142 1834 Nihil
152 1805 303 1834 mutant
313 1795 396 1834 edd.
407 1807 479 1834 nec
487 1795 543 1834 M.
555 1796 682 1847 Γέλγη
695 1792 835 1834 Meurs.
864 1796 887 1833 l.
901 1797 936 1834 6.
946 1797 1148 1850 Aca-yo'imov)
1162 1799 1294 1839 Vorst.

35 1848 251 1900 λαγώνέιον.
279 1850 302 1887 l.
319 1862 375 1901 13.
389 1849 451 1888 col.
467 1864 500 1887 2.
514 1847 720 1902 Aae'yo'cvtov)
733 1850 908 1900 λαγάνων
922 1849 1119 1901 legebatur
1135 1865 1201 1903 per
1212 1854 1304 1900 ὄμμ,

35 1905 115 1953 upbit
128 1902 165 1941 in
177 1911 346 1953 utroque
359 1902 436 1941 hoc
449 1902 604 1942 Scholio
624 1903 735 1954 impr.
748 1901 789 1940 δε
809 1902 866 1942 Μ.
882 1902 1000 1942 Solam.
1059 1904 1083 1942 l.
1109 1905 1239 1945 18.c0l.
1260 1919 1292 1946 1.

37 1954 305 2007 rpvoromhmv)
316 1954 459 1994 Forsan
469 1956 726 2009 γρυτοπώλην.
738 1956 847 2007 Κεὶῐῖ.
875 1955 899 1993 l.
914 1970 933 1994 2
944 1969 974 2006 3.
986 1957 1048 1996 col.
1062 1957 1293 2012 9..Ἰτυιιαῑος)

36 2008 74 2048 ἰν
88 2012 219 2060 πρώτῳ
232 2009 306 2061 γε’.
319 2015 401 2047 Σικ.
418 2010 473 2048 Μ,
489 2011 512 2048 i.
525 2023 557 2048 e.
573 2014 830 2063 γεωγραφίας.
842 2009 959 2048 Solan.
1006 2010 1082 2049 ibid.
1095 2009 1133 2050 ‘H
1143 2013 1260 2052 Ἰτύκῃ
1274 2015 1294 2066 )

36 2061 99 2102 sic
114 2072 319 2114 praeeunte
332 2062 476 2102 Solano
489 2063 581 2102 dedi.
595 2063 723 2114 Ἰτὺχη
738 2063 840 2102 enim
863 2063 920 2102 ed.
934 2061 1036 2103 Cler.
1060 2066 1099 2104 &
1118 2064 1136 2105 ἦ
1154 2067 1294 2106 aberat.

38 2116 150 2168 Reitz.
202 2116 293 2168 Pag.
309 2115 392 2155 181.
408 2117 431 2154 l.
453 2117 680 2169 xxwwav)
695 2115 836 2155 Forsan
850 2116 1005 2165 ψιττὶν,
1026 2118 1062 2156 h.
1085 2130 1116 2156 e.
1136 2125 1295 2171 ταχέως

37 2167 166 2209 Vorst.
182 2169 326 2208 Ψὺττιι
339 2170 391 2208 Fl.
403 2171 443 2208 δι
458 2171 528 2208 W.
583 2171 605 2209 l.
621 2186 658 2218 4.
672 2170 734 2209 col.
748 2184 779 2208 1.
794 2169 955 2209 Ψὺττειν
971 2171 987 2222 )
1006 2171 1142 2220 ψύττα
1163 2175 1295 2213 eratin

38 2221 198 2275 impreff.
217 2224 257 2263 δι
273 2224 328 2262 Μ.
344 2224 383 2263 &
396 2236 442 2263 ex
454 2222 694 2276 expositione
708 2234 830 2276 patet,
851 2236 924 2275 pro
934 2225 1116 2264 adverbio
1137 2238 1158 2263 a
1180 2226 1296 2267 Scho-

39 2275 142 2315 liaste
154 2275 325 2316 sumtam.
341 2277 459 2316 Solan.
529 2277 552 2316 l.
570 2291 600 2330 5.
613 2279 676 2316 col.
694 2291 726 2316 2.
742 2277 968 2330 Kammbv)
986 2279 1187 2317 κατακτῶν
1210 2294 1296 2320 ante

38 2329 184 2369 editum
194 2358 205 2375 ‚
220 2331 258 2369 δι
279 2343 372 2369 mox
383 2330 436 2369 δι’
447 2329 644 2370 omissum:
658 2331 771 2383 ‘quod
785 2343 991 2382 praeeunte
1006 2332 1146 2371 Seiano
1166 2345 1298 2373 corre·

39 2384 92 2421 xi.
111 2383 219 2435 Reitz.
266 2384 347 2423 ibid.
360 2384 383 2423 I.
398 2384 482 2434 7.T}
498 2407 540 2413 -
557 2383 665 2437 ἕχον)
677 2398 720 2423 τε
735 2384 775 2423 &
787 2385 888 2435 ἔχων
903 2394 990 2423 ante
1005 2386 1148 2424 editum
1161 2418 1171 2431 ‚
1185 2401 1234 2426 ex
1249 2386 1296 2428 C.

41 2435 206 2476 Abbatis
223 2437 329 2477 &M.
342 2438 510 2477 correxit
522 2437 648 2477 Solan.
691 2439 714 2477 l.
730 2451 789 2485 14.
802 2438 865 2477 col.
884 2452 898 2476 1
908 2468 916 2477 .
930 2439 1137 2491 Κοτταβὶν)
1150 2440 1209 2480 Sic
1222 2441 1299 2481 hoc

34 2486 126 2532 loco
137 2488 315 2544 scriptum
337 2492 489 2540 inveni3
512 2491 563 2532 fic
587 2491 628 2532 &
648 2491 687 2532 in
709 2492 837 2531 medio
857 2491 1003 2584 smol}
1014 2491 1222 2544 sequentis:
1238 2495 1299 2534 sed

1031 2559 1053 2584 2
