1730 3326
189 196 300 249 ΙΝ
366 198 1126 247 ALEXANDRUM.
1208 209 1300 263 397

29 300 124 330 siam
141 290 270 337 altera,
282 303 330 329 ex
344 301 420 342 qua
435 287 525 328 olim
539 288 667 341 priora
677 285 845 340 excerpsi
857 316 868 332 ,
883 298 986 326 nunc
1001 298 1080 326 non
1102 285 1155 325 est
1169 287 1213 325 ad
1226 301 1303 326 ma.

35 344 149 396 num)
163 358 302 395 απειμι
313 346 383 381 τὰς
399 341 520 395 αἶγας
531 341 706 392 ἀπάξων,
718 341 781 380 ubi
796 341 923 378 videas
936 340 1047 378 etiam
1062 353 1151 379 cum
1168 339 1301 380 futuro

33 397 228 443 conneffl,
242 408 285 436 ut
297 397 357 436 hic
371 409 431 447 ap.
449 396 604 435 Lucian.
617 395 655 434 Si
671 394 745 433 alia
759 393 879 433 verba
893 392 943 432 sle
955 392 1077 445 posita
1093 393 1226 432 addere
1240 407 1304 433 ve-

33 450 125 497 lim,
141 451 321 503 quorsum
344 450 380 488 id
401 448 646 489 abiretwid.
670 457 797 487 tamen
817 446 987 498 Alciphr.
1014 446 1050 493 Ι,
1074 446 1141 497 Ep.
1166 447 1242 492 XI,
1267 460 1304 498 p.

36 518 108 553 44,
124 505 330 556 φεύγομεν,
352 501 371 542 ἢ
392 502 566 552 μένομεν;
589 514 661 554 pro
676 500 857 552 φεύξομεν
873 499 948 538 διε.
968 499 1014 537 In
1030 500 1160 538 verbis
1173 512 1304 538 autem

34 556 241 596 contraffis
254 569 345 596 num
360 555 535 609 praesens
545 554 658 603 fir,an
669 553 738 593 fut.
755 569 791 600 2,
803 553 879 592 vid.
889 551 1040 591 Kuster.
1055 553 1099 591 ad
1111 552 1306 605 Aristoph.

29 610 130 650 Plut.
146 612 193 662 65
210 609 356 654 ἀπολῶ,
371 622 442 661 pro
457 609 648 654 ἀπολέσω,
662 607 768 660 quod
778 606 864 645 alibi
879 618 1048 657 agemus.
1063 605 1210 645 Rmz..

11 690 14 693 -
87 666 161 703 ead.
174 666 197 702 l.
211 677 268 714 15.
283 662 447 712 Κᾴκεῖνοι
461 662 477 715 )
492 661 552 703 Sic
572 661 630 702 ed.
646 662 678 701 1.
702 660 888 713 Reliquae
904 659 1040 700 ἐκεῖνοι.
1059 659 1131 699 Sed
1151 659 1304 699 mallem

33 716 128 771 γοῦν
144 730 215 768 pro
227 716 320 768 γάρ.
340 716 500 755 SOLAN.

93 771 184 821 Pdg.
198 784 261 819 74.
275 771 300 808 l.
315 784 353 820 4.
367 768 462 809 Ὕπὸ
482 768 638 823 ὲχίὲνης
653 766 840 820 δηχθεὶς)
860 766 968 808 Dico
983 766 1030 806 ad
1048 765 1113 806 lib.
1129 780 1151 806 2
1167 766 1305 807 Helio-

34 823 120 864 dor.
133 824 308 863 Bounn.

90 878 169 916 ibid.
194 875 557 930 Προεισπέμπεται)
581 874 697 929 Angl.
716 874 1002 926 προπέμπεται.
1019 875 1193 915 BOURD.
1213 879 1307 928 Epo-j

30 932 299 981 εισπέμπεται
311 961 322 978 ,
340 946 466 983 pompa
481 930 662 970 inducitur.
676 928 744 969 GU
752 940 842 968 ’(ΕΤ.

88 987 161 1024 ead.
183 985 208 1023 l.
224 984 261 1024 6.
286 983 540 1036 Μεσὸλευκον)
562 982 734 1036 Qualem
758 995 866 1035 reges
886 980 1084 1022 Persarum
1109 980 1178 1020 soli
1201 981 1303 1034 apud

0 1052 1 1098 ᾗ
29 1036 126 1078 :suos
143 1037 348 1091 gestabant.
366 1038 462 1077 Xen.
479 1036 631 1089 Cyrop2
643 1036 761 1082 VIII,
774 1050 809 1088 p.
827 1050 877 1074 m.
895 1049 983 1085 127,
1006 1049 1066 1085 31.
1079 1035 1168 1074 Vid.
1195 1037 1234 1074 δι
1249 1036 1305 1075 A·

31 1091 138 1132 then.
156 1093 210 1141 V,
225 1105 297 1144 215
318 1090 365 1130 C.
380 1091 425 1130 ad
440 1103 555 1143 quem
578 1091 709 1129 locum
722 1119 732 1136 ‚
748 1090 837 1128 dum
854 1089 923 1128 alia
939 1092 1107 1141 optime,
1120 1100 1165 1128 ut
1187 1088 1280 1129 solet
1291 1121 1305 1140 ‚

0 1179 1 1193 ,
28 1156 218 1191 annotat,
241 1146 304 1184 vir
317 1145 362 1184 de
383 1145 586 1183 Athenaeo
609 1142 865 1195 omnibusque
885 1143 995 1182 bonis
1014 1143 1132 1182 literis
1156 1144 1305 1196 optime

0 1223 1 1233 κ
27 1200 206 1247 meritus,
220 1198 362 1243 nescio,
372 1211 457 1250 quo
470 1198 588 1237 modo
601 1197 831 1236 Cocconam
844 1209 933 1236 cum
946 1196 1166 1236 Alexandro
1177 1210 1306 1238 unum

0 1260 1 1266 ¹
29 1253 279 1305 eundemque
293 1251 417 1291 facere
434 1250 769 1291 videturAEOLAN.
784 1249 854 1289 Καὶ
868 1249 1121 1303 μεσόλευκον)
1141 1250 1246 1290 Nihil
1259 1253 1306 1292 de

0 1306 3 1348 l
30 1305 172 1346 omiffo
186 1306 253 1346 illo
265 1306 328 1345 καὶ
345 1306 384 1344 in
399 1305 569 1356 plurimis
584 1305 664 1344 edd.
681 1315 830 1343 notarat
845 1304 1033 1344 Solanus:
1051 1317 1122 1344 nec
1140 1306 1303 1344 tantiin-

0 1362 2 1452 Ι
29 1359 166 1399 tereffe
186 1360 286 1399 dicet
299 1359 446 1412 aliquis.
468 1359 522 1397 At
538 1359 604 1411 qui
617 1357 701 1397 stilo
715 1358 874 1397 Luciani
895 1357 946 1397 est
961 1357 1144 1406 assuetus,
1165 1360 1306 1409 credo5

31 1413 178 1453 videbit
191 1443 202 1462 ,
217 1414 253 1452 id
268 1412 368 1453 reae
383 1413 443 1453 hic
465 1413 573 1460 addi,
593 1410 659 1452 etsi
683 1412 800 1465 paulo
816 1410 899 1465 post
920 1413 1112 1452 omittitur
1133 1424 1222 1452 ante
1240 1410 1307 1466 ἄρ,

0 1456 3 1524 l
33 1481 119 1508 πην.
134 1467 278 1507 Rmz.

90 1524 164 1561 ead.
177 1522 201 1561 l.
212 1520 438 1574 9.”Ολεθροι)
453 1520 576 1574 Pestis,
587 1519 762 1572 pernicies,
775 1520 927 1558 exitium.
941 1518 1007 1558 An
1021 1517 1212 1559 infelices?
1225 1534 1303 1560 ma«

29 1573 100 1615 lim
113 1575 273 1626 ὀλέθριοι,
284 1586 328 1614 ut
343 1574 440 1613 infra
453 1587 485 1614 c.
499 1589 558 1627 39.
572 1574 739 1614 GUYET.
752 1573 853 1612 Nihil
866 1574 1033 1612 mutavit
1046 1573 1222 1621 Solanus,
1235 1588 1303 1615 ne-

30 1641 110 1682 que
124 1641 199 1680 ego
215 1629 419 1681 quidquam
438 1629 607 1676 mutavi,
630 1626 708 1666 fine
729 1627 959 1666 aueloritate
979 1627 1061 1666 edd.
1081 1639 1149 1666 aut
1172 1627 1301 1671 Codd.

33 1681 104 1723 etfi
116 1683 346 1723 adieffivum
361 1681 500 1733 ὀλέθριοι
513 1681 565 1721 fic
580 1680 772 1727 ufitatius‚
785 1681 826 1720 &
847 1680 1005 1734 pluralis
1018 1680 1243 1720 substantivi
1255 1683 1302 1721 'o'-

26 1736 143 1787 ,λεθροι
166 1736 253 1775 alibi
275 1736 444 1775 nondum
465 1748 487 1774 a
511 1748 571 1774 me
589 1734 818 1774 observatus
830 1734 894 1774 est.
916 1734 1056 1774 RnTz.
1080 1734 1140 1775 Sic
1158 1735 1299 1777 iterum

33 1789 146 1830 subst.
167 1803 238 1842 pro
255 1790 325 1829 adi.
339 1788 437 1828 infra
456 1789 501 1829 de
517 1789 606 1829 Salt.
626 1801 659 1828 c.
680 1787 852 1838 ς,ὂλε’6ρῳ
866 1789 933 1827 τινὶ
948 1788 1131 1838 ἀνθρώπῳ.
1146 1789 1194 1828 Et
1208 1790 1302 1833 Iov.

32 1843 152 1897 Trag.
169 1856 203 1883 c.
217 1858 284 1897 43,
299 1843 467 1883 Pseudol.
479 1856 511 1882 c.
528 1856 573 1893 17
589 1844 627 1882 &
647 1841 693 1881 18
704 1873 716 1888 ‚
731 1855 775 1881 ac
787 1841 889 1881 Dial.
904 1842 1025 1882 Mort.
1039 1841 1117 1892 IX,
1131 1858 1168 1893 4.
1182 1844 1242 1883 Ita
1254 1856 1299 1885 ut

31 1898 236 1951 ,vulgatum
251 1911 330 1937 non
345 1897 389 1936 sxt
405 1897 654 1937 movendum.
668 1895 780 1935 IDEM
795 1896 829 1934 in
844 1895 1002 1935 Addcnd.

87 1955 162 1991 ead.
172 1953 195 1990 l.
215 1965 228 1990 1
239 1965 273 1990 2.
288 1950 490 2003 Περσίὸης)
503 1950 716 2002 nepoeism.
726 1950 894 1990 GUYET.
911 1950 1046 1989 Parum
1062 1951 1188 1997 abest,
1201 1952 1300 2003 quin>

31 2005 238 2056 nepoeisns
252 2007 291 2044 in
311 2015 535 2045 contextum
553 2005 757 2057 recipiam,
774 2005 880 2057 quod
896 2004 940 2042 ad
961 2016 1122 2044 metrum
1138 2005 1297 2047 reftius:

29 2070 173 2099 vereor
187 2060 291 2099 enim
305 2090 316 2108 ‚
331 2071 375 2099 ut
389 2059 507 2098 media
519 2058 637 2110 longa
649 2060 869 2097 inveniatur
884 2058 970 2097 alibi
984 2058 1179 2106 Hspcisnf.
1195 2060 1297 2100 Nam

35 2113 166 2154 brevis
177 2113 230 2153 est
242 2126 300 2165 ap.
316 2113 511 2165 Aristoph.
526 2112 641 2164 Vesp.
665 2126 680 2150 1
693 2126 777 2164 132.
792 2111 870 2151 Etfi
885 2112 935 2151 ibi
952 2112 1137 2151 Persicam
1153 2113 1296 2154 vestem

32 2166 241 2219 fignificat,
254 2166 308 2206 est
329 2179 456 2207 tamen
470 2166 506 2206 id
527 2166 758 2205 adiefflvum
779 2179 951 2218 quoque.
971 2166 1096 2206 Potest
1109 2180 1202 2219 ergo
1222 2169 1299 2208 iam

35 2220 238 2272 nspcsism
251 2234 338 2260 cum
354 2221 581 2261 aufioritate
600 2220 724 2272 legere
737 2251 747 2268 ‚
760 2221 827 2273 qui
845 2220 967 2260 volet.
987 2220 1041 2259 At
1054 2219 1081 2258 sl
1098 2235 1120 2259 a
1133 2222 1297 2272 Περσεὺς

32 2273 243 2315 formatum
258 2275 376 2322 dicas,
389 2275 505 2327 longa
520 2275 660 2327 poterit
677 2273 771 2322 effe3
791 2287 926 2313 verum
943 2274 981 2313 &
996 2286 1079 2314 tum
1096 2275 1296 2326 Περσείέης

33 2328 238 2375 diceretur,
251 2342 372 2382 aeque
386 2342 428 2369 ac
440 2328 627 2380 Ἀτρείὲης
639 2328 689 2367 ab
701 2328 856 2379 Ἀτρεύς.
873 2328 1020 2369 Rmz.

87 2386 161 2423 ead.
178 2383 201 2421 l.
222 2397 278 2431 ¹4·
294 2380 443 2436 Οὕτως)
458 2383 521 2423 Sic
534 2384 634 2421 enim
647 2382 936 2422 emendavimus
947 2412 957 2427 ‚
975 2395 1064 2423 cum
1077 2394 1185 2423 antea
1199 2383 1297 2435 lege-

35 2445 142 2477 retur
161 2430 265 2476 οὗτος
277 2468 289 2485 ,
313 2437 420 2476 nullo
431 2468 444 2484 ‚
464 2448 528 2477 aut
542 2448 646 2476 certe
661 2437 831 2476 Luciano
847 2437 1002 2488 indigno
1014 2467 1024 2482 ,
1046 2436 1162 2476 sensu.
1175 2437 1292 2478 Ratio

32 2490 314 2533 emendationis
327 2504 394 2545 per
408 2490 446 2533 se
456 2502 572 2545 patet.
582 2490 681 2533 Vide
696 2502 823 2532 autem
838 2502 921 2545 cap.
937 2505 996 2545 39.
1010 2490 1169 2533 SOLAN.
