1730 3326
378 217 471 281 376
577 213 1452 262 ANNOTATIONES

429 304 502 340 ead.
517 302 541 341 1.
555 315 568 339 1
579 316 613 353 3.
624 301 832 354 Ὀμωρὸφιοι
843 297 910 340 τοῦ
919 298 1035 355 θεοῦ)
1050 300 1093 343 Οἱ
1110 299 1182 340 ὑπδ
1197 301 1246 353 τί
1263 299 1363 353 αὐτῇ
1386 303 1507 357 στέγῃ
1518 299 1646 358 ὑπέρ-ἶ

374 369 524 408 χσντες.
542 355 715 395 BOURD.
1254 369 1264 380 *

429 407 465 445 in
475 409 588 447 Schol.
601 409 664 448 col.
680 423 714 449 2.
727 409 750 448 l.
766 422 797 459 5.
813 407 1005 461 Συνοικεῖ)
1017 407 1060 447 In
1077 407 1231 448 συνοικεῖ
1243 419 1409 448 mutarat
1420 409 1550 450 Solan.
1561 423 1643 451 non

373 459 534 509 addens,
550 462 650 502 unde
669 462 817 502 habeat.
833 462 926 502 Non
952 461 1074 501 visum
1095 461 1165 500 fuit
1186 461 1368 514 obsequi,
1387 465 1476 515 quia
1499 477 1580 503 tum
1602 465 1646 507 δε

375 516 604 569 praecedens
614 514 830 567 wapespeuei
845 527 966 568 aeque
979 515 1018 554 in
1031 513 1244 566 waperev'co
1261 518 1484 557 mutandum
1498 517 1643 560 fuerat:

376 568 455 609 atsi
475 569 551 609 hoc
573 571 720 614 testum
746 568 816 614 est,
835 582 876 609 ut
890 569 966 617 est,
988 569 1104 608 etiam
1125 569 1286 608 alterum
1307 582 1443 609 verum
1467 572 1548 610 erit.
1572 571 1646 613 Sed

373 633 503 663 totum
526 624 600 677 boc
621 624 659 663 δι
677 623 893 676 compluria
914 623 988 662 alia
1007 622 1159 664 Scholia
1179 624 1247 663 vix
1270 622 1428 664 describi
1446 626 1648 666 mereban-

374 685 451 715 tur.
470 677 618 717 Rmrz.

430 731 525 782 Pag.
549 746 608 783 39.
634 731 655 767 l.
682 744 696 769 1
711 743 740 767 1.
766 726 1030 783 Αὗθέκαστον)
1052 729 1373 782 Ἀπροβούλευτον,
1390 730 1648 783 ἀπαρακάλυ.

374 798 485 830 πτον,
502 796 542 826 ut
561 798 620 837 ap.
634 783 806 835 Hesych.
820 783 980 824 Ceterae
994 785 1105 824 huius
1121 785 1232 823 vocis
1249 782 1542 837 significationes
1555 785 1645 830 huic

375 837 467 876 loco
483 851 561 878 non
576 838 825 882 conveniunt.
840 838 904 882 Bo
912 849 1014 878 URD.
1037 835 1283 884 Λῦθέκαιστον,
1297 834 1446 891 offrir)
1463 839 1640 881 Vid.‘1'h.

374 890 481 941 Mag.
501 906 537 930 v.
559 889 707 938 Οὗὲεῗις,
721 892 787 947 qui
808 886 938 931 Οὐδεὶς
952 891 1105 932 Atticos
1118 921 1129 938 ,
1147 887 1270 931 oderis
1285 891 1464 932 Hellenas
1484 891 1647 936 scribere

373 945 438 984 ait.
452 944 522 984 Sed
537 945 575 984 ἃ
591 947 648 984 adi
662 946 823 985 eundem
841 958 879 983 v.
894 943 1138 991 Αὗθεκαστσς,
1158 945 1222 984 ubi
1238 944 1334 984 haec
1348 945 1506 985 Luciani
1522 947 1644 989 verba

375 998 427 1039 fic
444 999 554 1038 citat:
569 1004 767 1039 Λουκιανὸς
783 1000 815 1040 ἐν
828 998 880 1048 τῷ
895 1000 1059 1050 Φάλαρις
1076 997 1233 1049 πρῶτος·
1254 999 1368 1043 βίαιον
1381 998 1427 1037 δὲ
1438 1030 1450 1046 ‚
1464 1000 1482 1038 ἢ
1497 1002 1645 1048 σκαιῶν,

374 1054 395 1092 ἳτ
410 1049 628 1102 ὑβριστικὴν,
647 1053 665 1093 ii
692 1048 922 1092 αὐθέκαστον
939 1050 1057 1094 oissir
1079 1054 1267 1092 ἀπεκάλει
1283 1067 1345 1101 με.
1369 1053 1449 1093 Ubi
1468 1053 1506 1092 in
1519 1053 1647 1107 poste-

373 1106 539 1146 rioribus
556 1108 682 1146 verbis
696 1107 773 1146 abit
788 1107 835 1146 ab
851 1107 1023 1148 Luciano
1036 1137 1047 1154 ‚
1070 1119 1119 1147 ex
1138 1118 1219 1160 quo
1232 1105 1402 1159 Magistri
1415 1106 1530 1147 lefflo
1553 1110 1648 1151 ἑοῖο,

372 1159 527 1212 rigenda
540 1160 603 1200 est.
619 1160 766 1200 RHTz.

428 1214 519 1266 Pag.
543 1228 605 1262 40.
627 1215 650 1252 l.
668 1213 703 1251 8.
720 1211 862 1267 Ταῦτ’)
887 1214 1044 1254 Mallem
1068 1216 1122 1254 τὰ.
1144 1211 1263 1254 αὗτά.
1284 1212 1387 1254 Coll.
1404 1211 1534 1254 ταῦτα
1556 1226 1645 1259 συναζ

372 1279 551 1307 επαιν-.
568 1267 725 1307 Socim.
1195 1303 1198 1305 Α

425 1322 500 1360 ead.
516 1320 540 1358 l.
558 1334 572 1359 1
583 1335 616 1359 2.
630 1320 668 1360 ‘H
682 1318 814 1371 πόλις)
827 1319 985 1360 Nullum
998 1320 1154 1360 dubium
1167 1351 1178 1368 ‚
1193 1320 1284 1373 quin
1303 1332 1350 1361 ex
1365 1319 1438 1361 Ms.
1454 1333 1544 1360 cum
1560 1321 1644 1361 An-

371 1371 536 1425 glicano‚
551 1385 748 1421 tummeo,
763 1373 998 1416 scribendum
1016 1374 1061 1414 fit
1076 1372 1094 1414 ἦ
1109 1374 1218 1413 πόλις
1231 1373 1276 1414 st
1293 1375 1574 1421 ἀστασίαστος,
1593 1376 1645 1414 ci·-

371 1428 464 1467 vitas
478 1427 869 1480 eratfiaeefiditionibus,
884 1428 960 1468 hoc
974 1427 1027 1469 est
1040 1459 1050 1474 ‚
1064 1428 1198 1468 civitas
1210 1438 1292 1468 erat
1305 1427 1511 1479 tranquilla
1525 1429 1565 1469 δι
1580 1441 1645 1479 pa-

371 1492 477 1527 cata,
494 1481 626 1523 sedatis
643 1481 825 1526 omnibus
838 1482 982 1528 turbis,
997 1481 1144 1522 diffidiis
1155 1511 1167 1529 ‚
1182 1482 1220 1520 ἃ
1237 1481 1476 1520 tumultibus.
1494 1481 1642 1525 Laudat

370 1534 474 1573 illam
488 1535 707 1575 felicitatem
721 1566 732 1583 ‚
748 1547 850 1587 quae
865 1535 1069 1577 consecuta
1085 1536 1129 1575 fit
1140 1535 1220 1574 eius
1233 1535 1500 1588 principatum.
1514 1536 1641 1588 Atqui

370 1601 450 1628 non
465 1589 548 1628 laus
566 1588 642 1635 est,
656 1589 684 1628 si
705 1589 806 1640 legas
825 1589 1154 1641 ἀπαῤῥησίαστος,
1169 1589 1267 1628 utin
1283 1588 1392 1628 editis
1412 1589 1563 1642 legitur,
1577 1589 1642 1629 led

371 1643 512 1682 maxim
520 1656 581 1684 um
596 1643 809 1694 tyrannidis
823 1643 964 1684 malum
978 1674 992 1691 ‚
1009 1656 1098 1687 cum
1113 1643 1269 1684 civibus
1287 1643 1443 1686 libertas
1458 1643 1643 1697 loquendi

370 1697 558 1737 adimitur.
575 1696 748 1737 GRAEV.

427 1753 500 1790 ead.
518 1752 542 1789 l.
561 1765 616 1803 ¹3·
629 1750 978 1804 Ἀπαρῤησίαστος)
994 1750 1144 1809 Anglic.
1158 1749 1439 1792 ἀστσισίοιστος.
1463 1750 1638 1791 BOURD.

370 1802 649 1843 Ἀστασίαστος
672 1805 718 1842 Α.
735 1803 785 1844 G.
799 1804 837 1843 P.
852 1804 891 1843 &
908 1804 950 1844 L.
968 1817 1039 1856 pro
1051 1817 1102 1844 eo
1112 1834 1126 1850 ,
1140 1803 1248 1857 quod
1261 1804 1298 1842 in
1314 1802 1499 1858 impressis
1516 1805 1644 1846 omni-

369 1856 444 1898 bus
455 1857 526 1902 est,
545 1856 868 1910 ἁπαῤῥησίκστος.
883 1857 1040 1898 SOLAN.
1408 1894 1411 1896 .
1576 1891 1580 1893 a

425 1911 515 1963 Pag.
537 1926 601 1960 41.
619 1913 641 1950 l.
662 1925 699 1961 7.
719 1911 989 1965 Προεστὼτων)
1013 1909 1202 1963 Suspicor,
1225 1910 1438 1952 Lucianum
1462 1909 1641 1962 scripsisse

370 1964 662 2016 προεφεστότων.
684 1965 833 2018 Nempe
849 1966 902 2006 ait
920 1965 1110 2007 Phalaris,
1131 1963 1190 2010 se,
1212 1977 1300 2005 cum
1314 1964 1461 2004 videret
1473 1996 1483 2011 ‚
1501 1965 1637 2006 urbem

369 2018 488 2071 ipsam
505 2019 731 2072 negligentia
749 2032 886 2059 eorum
899 2050 911 2068 ,
923 2020 1090 2072 quiante
1102 2017 1137 2057 se
1150 2017 1411 2071 praefuiffent,
1429 2019 1612 2070 perditam
1623 2048 1638 2069 ,

370 2073 501 2112 multis
518 2073 854 2125 depeculantibus‚
877 2074 998 2113 immo
1019 2072 1285 2125 diripientibus
1309 2072 1498 2125 publicam
1520 2085 1639 2125 pecu-

369 2126 473 2166 niam
485 2158 500 2174 ,
515 2140 700 2178 aquarum
717 2139 801 2166 eam
824 2127 1001 2168 duffibus
1017 2124 1196 2166 recreasse
1207 2155 1220 2171 ,
1244 2126 1283 2166 δι
1300 2125 1559 2166 aedificiorum
1578 2127 1639 2166 in-

369 2180 666 2220 staurationibus
689 2180 895 2220 exornaffe.
918 2181 977 2222 Sic
1006 2179 1124 2220 statim
1149 2179 1383 2232 magistratus
1403 2180 1583 2220 dicuntur
1603 2179 1640 2221 οἱ

369 2234 578 2280 ἑφεστότες·
596 2236 636 2274 &
652 2233 891 2287 praefeeiusa
906 2234 1076 2282 ἐφεστώς.
1088 2232 1194 2275 lens.
1211 2234 1304 2273 Non
1315 2234 1468 2286 quidem
1484 2233 1637 2285 sperne-

368 2300 452 2329 rem
465 2318 476 2335 ‚
491 2289 596 2340 quod
618 2287 709 2328 lens.
725 2287 834 2328 affert
847 2318 858 2334 ‚
875 2288 1192 2340 προεφεστώτωη
1210 2286 1270 2326 sed
1290 2289 1378 2339 quia
1393 2286 1568 2329 constans
1579 2287 1636 2328 est

369 2341 527 2392 vulga-ta
541 2342 664 2388 leche,
680 2354 751 2381 nec
765 2341 939 2388 absurda,
953 2342 1042 2382 nihil
1057 2352 1177 2381 muto.
1188 2340 1272 2382 Cur
1285 2353 1413 2382 autem
1427 2342 1525 2380 idem
1540 2340 1637 2385 lens.

368 2394 504 2433 scribat
523 2395 796 2446 προεφεστὸτων
819 2395 861 2435 &
882 2397 1086 2444 ἑφεστότων
1108 2394 1312 2446 penultima
1333 2407 1537 2447 correpta,
1551 2407 1633 2435 non

368 2449 504 2488 video:
523 2450 802 2503 propemodum
824 2460 951 2490 tamen
975 2450 1016 2490 δι
1035 2449 1218 2490 Solanum
1233 2448 1488 2495 abstraxiflet‚
1510 2449 1577 2500 qui
1592 2449 1633 2495 in

369 2502 402 2546 1.
417 2517 443 2541 ω
457 2503 531 2544 iam
548 2503 762 2553 deleverat,
777 2502 817 2545 δι
832 2519 847 2542 ο
859 2503 972 2558 supra
984 2502 1202 2562 scripserat,
1218 2503 1324 2563 quod
1338 2514 1466 2549 tamen
1476 2501 1634 2554 deinde.
1682 2535 1685 2546 ι
