1730 3326
379 183 501 230 IN
596 163 1115 233 AMoR‘ES.
1249 191 1337 240 60}

67 270 229 314 Ionibus
239 270 428 312 familiare
441 274 486 310 το
502 269 625 311 εῖνεκοι
640 285 713 325 pro
724 268 851 320 ἕνεκα,
872 285 915 313 ut
930 274 1122 327 Hippocr.
1139 275 1175 316 S.
1188 277 1219 324 1,
1239 279 1343 332 Aph.

74 342 111 380 3,
125 328 166 368 δι
179 324 320 379 paffim.
335 325 526 365 Herodot.
540 323 674 365 εἵνεκεν
688 339 722 379 p.
738 340 760 365 2
780 326 851 373 bis,
869 328 909 366 &
921 327 1022 381 seqq.
1046 330 1184 370 ubivis.
1205 331 1277 371 Sed
1301 335 1344 374 &

71 382 192 420 Attici
203 378 406 433 scriptores
419 380 472 418 ita
486 379 677 419 interdum
689 381 901 420 enuntiant.
918 381 992 421 Th.
1006 382 1262 435 Magss'fivsm,
1277 387 1345 426 καὶ

70 431 207 482 εἵνεκα,
223 431 404 479 Πλάτων,
416 433 671 482 Δημοοῆένης,
690 434 754 472 καὶ
767 432 799 472 οἱ
815 432 936 474 ἄλλοι.
960 436 1198 477 Θουκὺὲίὲης
1208 438 1252 477 δὲ
1270 440 1345 487 ἀεὶ,

71 485 192 527 ἕνεκα.
216 486 326 526 Adde
339 485 524 526 Nostrum
539 487 585 526 de
599 486 721 526 Dom.
735 499 766 526 c.
779 486 815 526 8.
836 487 960 540 Quod
975 491 1044 528 W.
1059 502 1188 530 autem
1213 490 1346 534 εἵνεκεν

72 542 208 589 habet,
231 540 339 579 nihili
351 539 426 580 est:
455 540 662 588 κακόφωνον
683 541 785 580 enim
808 540 871 581 hic
895 540 998 581 foret
1015 556 1172 596 propter
1190 546 1267 585 duo
1290 545 1346 586 se-

71 595 227 648 quentia
249 595 288 633 in
303 610 320 634 ν
332 593 546 635 terminata.
564 594 667 633 Nam
687 591 783 634 ἕνεκε
797 595 838 635 &
857 592 971 635 ἕνεκεν
991 597 1207 648 promiscue
1220 598 1347 640 scribi-

71 660 149 698 tur,
159 648 340 702 sequente
351 647 536 688 consona.
546 647 604 686 lta
618 644 734 688 ἕκενεν
744 648 808 686 καὶ
820 649 980 689 invenio
994 651 1031 688 in
1044 651 1212 704 Inscript.
1225 667 1344 705 quam

23 703 27 706 ’
71 703 225 749 exhibet
240 700 551 742 Montfauconin
563 700 670 741 Diar.
690 701 776 741 Ital.
790 715 875 755 pag.
888 717 935 756 43
954 702 980 742 f.
991 707 1164 744 ΑΡΕΤΗΣ
1179 711 1284 744 ENEK
1292 713 1345 746 EN

70 759 148 795 ΚΑΙ
162 759 374 796 ΕὙΝΟΙΑΣ.
396 753 440 794 In
457 755 529 794 alia
541 767 640 795 vero
654 769 737 808 pag.
755 755 817 808 38,
834 760 1107 798 ΦΙΛΟΤΙΜΙΑΣ
1122 764 1257 799 ΕΝΕΚΕ
1270 766 1345 801 ΚΑΙ

71 812 291 856 ΕΤΝΟΙΑΣ,
304 819 347 848 ut
366 808 439 848 alia
452 809 573 848 obvia
586 811 777 849 omittam.
793 804 911 849 Ἕνεκε
926 821 1056 851 tamen
1072 811 1253 865 sequente
1271 828 1347 856 vo-

71 864 146 904 cali
157 875 238 904 non
254 862 471 902 scriberem.
499 862 643 902 Rmz.

69 955 72 957 ,
133 918 220 969 Pag.
241 917 364 970 314.l.
381 931 415 969 3.
437 915 540 967 Aiehq
559 918 667 966 μετὰ
687 915 759 970 ’γῆν
779 916 994 970 ἐκδέχεται
1021 916 1110 959 τοὺς
1129 919 1264 960 ταῦτα.
1285 922 1348 973 ξη-

26 1016 28 1018 ,
74 969 248 1012 λοῦνταις.
258 971 312 1009 εἰς
325 969 369 1009 Σὲ
383 970 552 1020 ἀμείνονα
563 970 635 1015 βίον
649 971 898 1010 ἀποθανόντες
910 970 1046 1023 ἔχουσι
1058 972 1122 1014 τῆς
1134 974 1264 1026 ἀρετῆς
1278 976 1347 1029 γέ.

73 1039 140 1078 pac
155 1028 198 1063 τὸ
210 1022 412 1077 ἄφθαρτον)
429 1023 489 1063 Sic
500 1024 601 1064 re&e
615 1024 686 1064 Ms.
702 1025 835 1064 coelum
842 1027 918 1078 post
930 1039 1051 1065 terram
1063 1042 1120 1065 eos
1134 1029 1271 1081 excipit,
1288 1031 1347 1082 qui

72 1079 144 1132 istis
157 1080 253 1118 rebus
263 1080 409 1132 student.
433 1078 501 1116 Ad
517 1079 679 1117 meliorem
694 1079 801 1117 vitam
822 1079 996 1118 morientes
1012 1082 1196 1132 praemium
1207 1083 1347 1122 virtutis

73 1133 320 1186 confiquuntur
331 1132 589 1184 incorruptibile.
605 1132 740 1184 Vulgo
755 1131 835 1171 fine
848 1131 955 1172 sensu
967 1133 1119 1186 legitur,
1135 1134 1167 1174 οἱ
1183 1135 1229 1174 ἒὲ
1241 1133 1348 1187 ἄμει-

74 1201 129 1227 νον
144 1186 405 1232 ἀποθανόντες,
420 1187 461 1226 &
474 1186 656 1231 vertitur,
669 1186 727 1239 qui
743 1185 954 1238 meliorifato
963 1187 1149 1236 morientes,
1162 1199 1347 1242 tanquam

57 1240 136 1281 -alii
149 1239 286 1289 essent,
301 1253 418 1293 quam
433 1240 479 1279 de
493 1239 636 1292 quibus
646 1241 683 1278 in
696 1241 868 1293 praeced.
882 1241 1012 1280 verbis
1026 1241 1208 1294 loquitur.
1223 1245 1283 1284 Ne
1297 1246 1349 1285 di-

73 1307 176 1342 cam,
197 1294 340 1344 ἅμεινον
363 1292 558 1334 ἀποθανεῖν
574 1292 735 1334 Graecis
749 1294 839 1333 nihil
854 1294 951 1345 effe,
968 1308 1037 1335 nec
1059 1297 1096 1335 id
1118 1296 1350 1349 significare,

74 1349 181 1403 quod
195 1361 244 1388 ex
259 1348 466 1401 depravata
481 1347 648 1387 leetione
661 1349 844 1388 cuderant
860 1349 1106 1401 interpretes(
1119 1351 1294 1393 GRAEV.

130 1405 204 1442 ead.
217 1404 241 1442 l.
250 1418 286 1450 4.
301 1402 358 1442 Εἰς
371 1401 417 1442 Σὲ
428 1401 601 1453 ἀμείνονα
611 1401 705 1455 βίον)
717 1402 776 1442 Ita
786 1404 856 1442 W.
867 1402 905 1442 P.
919 1403 959 1443 &
971 1404 1011 1442 L.
1026 1405 1133 1457 quod
1144 1406 1181 1444 in
1195 1405 1350 1459 impres-

19 1505 21 1507 *
77 1457 126 1498 fis
141 1457 208 1503 est,
221 1456 252 1495 οἱ
267 1454 312 1495 s}
331 1452 492 1506 ἄμεινον.
511 1454 671 1497 SOLAN.

130 1512 209 1550 ibid.
227 1507 390 1561 ’Ἄμεινον
410 1509 684 1563 ἀποθανόντες)
706 1508 823 1563 Angl.
842 1509 941 1550 Cod.
964 1509 999 1551 ἐν
1015 1510 1061 1551 s‘e
1074 1512 1252 1564 ἀμείνονα
1266 1513 1350 1560 βίον

75 1564 186 1606 seme.
207 1565 383 1604 Eoum).

131 1623 206 1659 ead.
218 1619 241 1659 l.
252 1617 289 1658 8.
305 1618 482 1672 Φρονοίην)
494 1617 555 1658 Sic
573 1618 657 1658 Ven.
672 1611 847 1671 utraque.
863 1615 908 1657 In
921 1617 1076 1671 reliquis
1091 1619 1183 1659 &in
1197 1619 1279 1673 ipso
1292 1623 1350 1663 M.

77 1673 249 1726 φρονοῖεν,
270 1683 468 1726 corrupte.
490 1671 649 1712 SOLAN.
665 1672 739 1719 Ὅ,
760 1687 798 1712 τι
815 1674 978 1723 φρονοίην
994 1673 1197 1726 legendum
1218 1675 1353 1716 suade-

75 1738 138 1769 ret
153 1727 264 1768 series
277 1727 487 1774 orationis,
517 1725 584 1766 etfi
597 1726 684 1766 libri
696 1738 832 1766 omnes
844 1726 998 1777 φρονοῖεν
1021 1727 1217 1768 haberent.
1237 1729 1351 1782 Quid

77 1781 203 1822 enim?
226 1782 304 1821 hoc
318 1779 538 1833 exspectant
548 1779 755 1833 litigantes,
775 1791 832 1826 ut,
852 1781 942 1832 quid
958 1779 1024 1832 ips:
1039 1780 1212 1833 sptiant,
1234 1784 1352 1823 iudex

79 1836 307 1890 pronuntiet
318 1866 330 1883 ‚
345 1848 394 1875 an
409 1834 514 1874 suam
526 1846 568 1874 ut
582 1833 804 1874 sententiam
816 1864 828 1880 ,
846 1833 956 1874 suum
976 1835 1155 1875 iudicium
1171 1837 1350 1888 promat?

79 1890 216 1944 Quam
229 1888 344 1929 facile
355 1901 483 1929 autem
498 1887 584 1935 fuit,
605 1889 704 1927 inter
715 1887 910 1935 dictantes,
934 1889 1030 1927 vela
1045 1889 1291 1937 describente,
1312 1892 1353 1931 in

77 1943 238 1997 φρονοῖεν
251 1943 392 1984 mutari
406 1944 585 1996 φρονοίην,
600 1941 819 1996 praesertim
831 1942 897 1982 cui
914 1942 1044 1982 Attica
1056 1943 1182 1983 forma
1193 1945 1352 1995 φρονοίην

79 2005 156 2053 pro
169 1998 369 2039 communi
387 1996 568 2049 φρονοῖμι,
594 2010 672 2036 non
685 1995 769 2036 satis
781 1995 870 2036 effer
885 1995 1088 2036 familiaris.
1112 1998 1184 2037 Sed
1200 2000 1274 2037 iarn
1289 1999 1353 2038 be-

77 2065 130 2092 ne
143 2052 193 2093 fic
214 2052 370 2105 dederat
384 2052 508 2091 Aldus
518 2083 529 2098 ,
541 2063 562 2091 a
578 2064 659 2104 quo
668 2063 812 2104 operae
827 2049 1077 2103 posteriores,
1091 2051 1327 2104 &interpres
1337 2082 1352 2099 ,

83 2106 182 2147 male
196 2106 441 2147 recesserunt.
451 2105 581 2146 GESN.
596 2103 909 2158 ‹bporoinv)Quod
923 2104 1051 2149 Sole-n.
1064 2104 1190 2145 noster
1201 2106 1252 2145 fic
1265 2120 1354 2146 mo-

81 2161 169 2200 nuit
181 2160 453 2213 corrigendum
465 2189 478 2206 ,
495 2160 539 2199 id
554 2160 670 2199 etiam
685 2158 879 2198 Gesnerus
893 2168 971 2197 tam
994 2158 1128 2211 sponte
1141 2190 1151 2207 ‚
1167 2172 1285 2212 quarn
1300 2173 1353 2200 ex

84 2215 226 2254 Aldina
239 2213 305 2255 sua
313 2214 415 2254 refite
428 2214 541 2262 vidit;
555 2225 722 2266 cumque
738 2225 797 2251 res
811 2212 884 2263 ipsa
899 2212 1058 2265 flagitet,
1073 2226 1153 2253 non
1167 2213 1354 2254 haesitavi

82 2269 122 2308 in
134 2267 337 2309 deserenda
351 2268 510 2321 vulgata
521 2266 690 2320 φρονοῖεν.
706 2266 849 2305 ΕΕΙΤΖ.

137 2326 211 2362 ead.
225 2323 249 2360 l.
269 2324 328 2362 16.
341 2324 553 2375 Θηραμένης
569 2344 613 2351 -
626 2321 802 2373 Κόθορνος)
818 2319 919 2360 Vide
933 2320 1114 2372 Xenoph.
1125 2320 1246 2363 ed.St.
1265 2330 1356 2375 pag.⁴

85 2390 176 2430 273,
193 2390 208 2415 1
222 2389 254 2423 1,
271 2376 420 2415 &Plut.
440 2377 480 2416 in
495 2376 616 2416 Nicia.
634 2374 829 2428 Aristoph.
846 2373 960 2414 etiam
973 2404 984 2422 ‚
1004 2376 1114 2415 cuius
1129 2375 1357 2417 Scholiastes

84 2431 178 2471 haec
188 2431 308 2470 verba
320 2431 481 2470 Luciani
497 2429 620 2478 affert,
636 2442 656 2467 2
666 2428 710 2481 58
729 2429 776 2468 A.
793 2428 952 2468 SOLAN.

138 2485 229 2537 Pag.
245 2498 289 2536 31
302 2497 332 2536 ς.
347 2485 370 2524 l.
386 2498 417 2524 1.
430 2484 471 2523 ‘O
486 2484 664 2538 Κόθορνος)
680 2483 784 2525 Cum
800 2482 882 2523 edd.
896 2482 1045 2535 κόθορνος
1062 2483 1262 2531 haberent,
1276 2496 1352 2538 ego

191 2539 337 2580 Lucian.
368 2539 448 2583 Vol.
481 2541 538 2581 V(
1025 2536 1067 2589 Q
1083 2552 1108 2592 q
