1730 3326
415 178 1490 230 218-LUC1ANUS'

417 283 623 354 ἐμησαντο
644 287 804 358 πολλῷ
830 284 944 356 μέζω
963 283 1141 338 τουτὲων.
1165 289 1213 338 ἐκ.
1233 308 1324 354 γαρ
1347 282 1395 347 δη
1418 288 1487 339 τοῧ
1509 309 1665 345 παντος

418 357 544 431 ηέρος,
569 385 645 413 και
665 360 843 433 ἀστέρων
865 385 944 412 των
962 361 1137 417 ἄλλων,
1159 365 1384 413 ἀπλανεων
1405 384 1472 417 τε,
1498 385 1574 413 και
1597 385 1663 413 ευ·

417 434 620 491 σταθεων,
643 461 719 488 και
740 439 910 507 οὐδαμοῖ
929 434 1180 506 κινεομένων,
1199 436 1387 488 δυώδεκα
1403 442 1579 524 μοίρας
1564 437 1663 488 ἐτοί-

418 535 539 581 μοντο
561 514 596 562 ὲν
614 516 718 564 τοῖσι
737 509 1018 579 κινεομένοισι,
1041 536 1116 562 και
1137 533 1269 563 οικεια
1290 511 1408 574 ζωα
1398 513 1512 563 εᾶντα
1525 549 1536 566 ‚
1557 507 1664 562 ἔκα-

416 610 510 638 στον
529 585 681 638 αὐτέων
699 590 737 644 ἐς
755 586 897 647 α’λλην
915 597 1077 655 μορφην
1096 583 1390 674 μεμιμέαται,
1405 610 1464 638 τα
1481 608 1555 657 μεν
1576 586 1665 637 ἐνοί-

417 674 519 716 λιοι,
546 684 606 712 τα
623 656 667 713 δε
688 662 926 733 ανθρωπων,
947 684 1007 712 τα
1030 654 1075 755 δῖε
1094 659 1311 732 θηρων,
1269 685 1328 712 τα
1349 653 1392 711 δε
1411 685 1587 722 πτηνων,
1608 658 1667 711 rb

367 759 397 804 7
420 729 464 787 δε
484 733 663 796 κτηνέων.
685 734 794 788 ’An-o
812 734 908 787 τέων
927 731 972 796 δη
992 761 1067 788 και
1088 734 1156 807 ῖρα
1174 758 1235 787 τα
1250 735 1479 801 Αιγύπτια
1496 749 1666 787 πολυει-

419 809 497 862 ὃεα
515 810 710 863 ποιέεται.
733 816 775 862 οὐ
796 834 887 877 γαρ
903 812 1059 869 πάντες
1076 809 1334 876 Αἱγῦπτιοι’
1325 834 1372 863 εκ
1386 836 1464 863 των
1479 811 1672 863 δυώδεκα

419 884 586 957 μοιρέων
605 909 779 966 πασεων
799 885 1056 955 ἐμαντεύοντο
1069 924 1080 941 ,
1100 887 1233 938 οίλλοι
1249 878 1292 937 δε
1311 892 1512 952 αλλοίησι
1507 891 1667 979 μοίρῃ-

948 953 960 970 X

420 985 485 1012 σιν
502 960 692 1034 ἐχρέοντο
711 986 785 1013 και
800 986 901 1041 κριον
916 985 991 1030 μεν
1003 960 1254 1021 σέβουσιν,
1238 985 1372 1012 οκοσοι
1391 964 1430 1019 ἐς
1445 985 1547 1033 κριον
1557 957 1668 1012 ἀπέ-

419 1040 599 1099 βλεπον·
619 1036 768 1100 ι’χθυας
784 1030 828 1088 δε
845 1063 886 1090 ου
901 1036 1123 1091 σιτέονται,
1143 1037 1277 1089 hmo-oa
1295 1035 1470 1100 ἰχθύας
1459 1058 1671 1129 ento-eipen-

418 1128 546 1164 ναντο·
578 1105 664 1165 uude
689 1115 842 1185 τράγον
871 1119 1106 1167 κτείνουσιν,
1138 1137 1224 1164 οσοι
1250 1134 1476 1184 αιγοκερων
1505 1102 1668 1167 ηὸεσαν

419 1211 496 1238 και
516 1195 550 1239 οἱ
578 1188 711 1242 οίλλοι
737 1188 896 1240 τᾶλλα
919 1191 972 1246 ὡς
991 1185 1187 1243 ἔκαστοι,
1213 1188 1478 1240 ιλασκονται.
1503 1210 1567 1239 ναι
1588 1211 1677 1253 μην

421 1286 498 1313 και
517 1287 657 1333 ταυρον
677 1266 715 1320 ἒς
737 1287 855 1333 τιμην
879 1287 948 1314 του
969 1270 1088 1335 ἠερίου
1110 1287 1254 1333 ταυρου
1281 1265 1529 1327 σεβίζονται.
1551 1286 1627 1314 και
1651 1267 1671 1313 ὁ

413 1330 549 1396 Απις
571 1337 727 1397 αυτέοις
747 1361 896 1410 χρημα
918 1338 1130 1409 ἱρωτατον,
1156 1362 1223 1399 την
1249 1361 1383 1410 χωρην
1406 1334 1671 1406 ἐπινέμεται,

466 1454 478 1475 1
497 1442 576 1482 “Εμ’
580 1444 684 1487 cavi-o)
706 1443 970 1486 Ἐμκχοιιῖνσαγτο-
1121 1455 1159 1484 14
1169 1442 1371 1499 Σεβι7οντοιι)
1385 1441 1588 1485 Σεβᾶζονται.
1606 1441 1650 1474 G-

466 1499 487 1527 7
504 1486 583 1520 Ἀπο
603 1489 674 1532 τέω)
691 1488 822 1520 Τούτου.
844 1489 887 1524 G.
1122 1481 1289 1531 15’¹A7rt;)
1306 1488 1350 1521 Το
1370 1487 1554 1529 μοσχάριον.
1571 1486 1616 1520 G.

423 1601 466 1629 to
493 1590 638 1631 maiora
662 1591 871 1631 machinati
897 1591 995 1632 sunt.
1022 1592 1080 1632 Ex
1106 1592 1210 1632 omni
1241 1592 1341 1631 enim
1366 1594 1478 1640 aere,
1503 1568 1545 1631 δι
1566 1589 1678 1630 stellis

421 1651 576 1703 reliquis
591 1652 847 1692 inerrantibus
868 1664 984 1706 atque
1004 1652 1116 1702 fixis,
1139 1655 1180 1694 δι
1198 1653 1490 1706 haudquaquam
1514 1664 1678 1691 moven-

420 1713 524 1753 tibus
545 1713 607 1760 se,
627 1715 825 1755 duodecim
851 1728 975 1769 partes
1000 1714 1269 1762 resecuerunt,
1289 1716 1329 1754 in
1351 1715 1492 1768 quibus
1514 1714 1600 1755 inae
1621 1712 1676 1752 al·-

420 1783 528 1814 terae
548 1787 809 1815 moverentur.
832 1777 904 1816 His
926 1789 1014 1816 cum
1039 1774 1272 1828 affignaffent
1298 1773 1407 1814 suum
1433 1775 1576 1826 cuique
1600 1773 1680 1812 ani-

421 1836 557 1885 malia,
573 1837 610 1876 in
624 1838 734 1877 aliam
751 1837 893 1891 singula
907 1837 1069 1878 formam
1083 1836 1310 1891 expressere,
1327 1835 1472 1876 marina
1490 1835 1586 1883 alia,
1606 1835 1678 1875 alia

421 1912 522 1939 vero
537 1900 736 1941 hominum
746 1931 758 1949 ‚
776 1902 846 1941 alia
861 1902 1064 1941 bestiarum
1078 1931 1088 1946 ‚
1107 1900 1326 1941 volucrium
1341 1901 1431 1947 alia,
1446 1900 1516 1940 alia
1533 1900 1693 1940 iumen-.

422 1972 565 2002 torum.
596 1963 708 2003 Unde
734 1964 849 2003 etiam
878 1962 979 2003 sacra
1002 1963 1102 2016 apud
1131 1962 1353 2015 Aegyptios
1377 1961 1589 2000 multorum
1612 1973 1680 2014 ge·

424 2036 558 2063 nerum
583 2022 691 2064 fiunt.
718 2025 800 2064 Nec
817 2024 919 2064 enim
941 2023 1128 2076 Aegyptii
1145 2035 1280 2063 omnes
1299 2034 1347 2062 ex
1368 2021 1566 2062 duodecim
1593 2033 1682 2074 pat·

423 2084 527 2124 tibus
550 2085 666 2137 iisdem
688 2087 872 2126 omnibus
897 2087 1142 2134 divinabant3
1163 2085 1224 2126 sed
1247 2085 1327 2125 aliis
1350 2084 1414 2124 alii
1433 2083 1603 2137 partibus
1626 2083 1681 2122 di-

424 2144 616 2198 versisque
635 2147 853 2187 utebantur.
879 2147 1012 2200 Atque
1035 2147 1188 2186 arietem
1209 2147 1362 2200 quidem
1386 2144 1543 2193 colunt,
1562 2155 1683 2197 quot-

425 2218 522 2259 quot
535 2205 783 2261 respiciebant
802 2209 991 2248 Arietem:
1014 2207 1131 2260 pisces
1145 2221 1225 2248 non
1239 2208 1378 2253 edunt,
1399 2206 1467 2259 qui
1486 2205 1602 2259 pisces
1620 2221 1683 2245 no-

427 2270 511 2308 mine
530 2270 588 2309 illo
617 2269 879 2322 signaverant:
911 2284 1036 2324 neque
1060 2284 1219 2324 caprum
1245 2269 1436 2316 maRant‚
1459 2268 1682 2322 quicunque

427 2341 619 2368 noverant
631 2330 908 2384 Capricornum
925 2348 933 2371 :
959 2343 1072 2384 atque
1088 2332 1151 2370 alii
1169 2331 1243 2371 alja
1257 2362 1268 2380 ‚
1289 2341 1332 2370 ut
1349 2331 1490 2383 cuique
1502 2329 1611 2382 visum
1623 2331 1687 2383 est,

428 2391 587 2442 placant.
612 2391 712 2432 Sane
732 2393 844 2432 etiam
868 2404 1021 2433 taurum
1041 2393 1081 2432 in
1099 2393 1292 2432 honorem=
1308 2390 1476 2432 coelestis
1495 2391 1595 2430 tauri
1616 2403 1684 2430 co·

428 2453 535 2502 lunt,
559 2464 673 2508 atque
690 2453 743 2495 est
768 2454 840 2495 illis
862 2455 958 2509 Apis
982 2467 1042 2496 res
1067 2454 1314 2502 sanaiffima,
1333 2454 1400 2508 qui
1419 2453 1617 2507 regionem
1635 2451 1681 2492 il·
