1730 3326
197 185 300 249 IN
366 183 1115 233 ALEXANDRUM.
1204 205 1305 258 412

39 270 113 315 Sed
127 273 262 327 τάξεσι
277 275 427 314 videtur
442 276 641 327 proprium
667 275 786 327 magis
802 275 843 314 δι
865 276 1125 322 conveniens,
1155 290 1232 318 non
1256 291 1301 319 ut

34 343 123 368 cum
136 331 338 383 interprete
350 329 509 380 proelia,
519 328 606 379 (nist
615 330 714 367 enim
724 330 851 374 fallor,
861 330 1119 381 requireretur
1127 334 1300 383 παρατα-

35 383 139 435 ξεο-ι)
163 382 224 422 sed
240 382 364 421 varias
379 381 577 433 dignitates
595 381 799 433 intelligam
815 395 903 420 cum
925 384 1077 435 optimo
1093 397 1181 424 meo
1195 386 1299 426 Gro-

32 438 173 475 novio.
200 436 303 475 Huic
313 435 483 475 Graecae
494 435 709 475 Lucianeae
723 434 843 486 phrasi
859 447 1100 475 conveniunt
1116 439 1180 477 ista
1199 440 1299 479 Livii

33 489 184 528 XXXII
196 519 208 535 ,
222 502 253 528 c.
274 503 314 539 7,
330 490 399 527 Per
411 489 570 527 honorum
583 491 709 540 gradus
722 490 949 527 documentum
955 491 1017 540 siti
1035 494 1164 530 dantes.
1191 493 1296 532 IENS.

32 542 136 581 Vide
149 542 356 582 Herodian.
367 541 401 580 ΙΙ
415 541 706 582 initio.Secutus
719 540 799 580 sum
815 553 939 581 autem
957 542 1180 594 scripturam
1195 546 1244 585 G.
1256 546 1298 585 P.

32 595 78 634 &
91 596 131 634 L.
146 596 188 635 ln
202 595 381 649 impreffis
397 596 495 634 enim
511 597 646 646 τάξεσι
659 595 805 647 legitur.
817 595 975 634 SOLAN.
991 596 1175 649 Πρέιξεο-ι)
1189 599 1297 650 Quia

33 647 201 688 solanus
221 649 349 688 noster
370 649 444 687 iam
463 648 512 688 fic
537 659 752 687 mutaverat
774 662 823 687 ex
843 650 961 688 tribus
977 649 1100 689 Codd.
1126 655 1166 690 <Sc
1182 665 1299 704 quar-

32 713 116 742 tum
139 715 297 754 quoque
313 701 362 742 slc
376 702 514 741 habere
529 703 727 754 cognovi,
750 713 919 754 quatuor
935 702 1017 742 Mff.
1043 703 1118 743 hoc
1130 705 1297 745 dandum

31 755 177 803 censui,
193 767 235 795 ut
250 757 406 795 illorum
422 755 644 795 consensum
660 756 838 807 vulgatae
853 756 1079 808 praeferrem
1092 787 1104 803 ‚
1117 759 1153 796 in
1166 759 1299 799 lectio-

32 822 82 849 ne
94 841 106 857 ,
132 822 294 862 quarum
312 820 472 861 utraque
488 808 634 848 defendi
650 809 783 861 potest.
806 810 968 861 Πραξεις
985 813 1085 850 enim
1101 811 1150 851 fic
1168 813 1297 852 Hero-

32 863 247 916 dianoffdici,
264 862 364 901 recte
378 862 540 902 Solanus
551 864 617 911 ait,
633 863 744 902 cuius
759 863 875 901 verba
891 877 939 902 ex
955 865 994 903 L.
1008 879 1044 910 2,
1059 878 1090 904 c.
1110 880 1140 912 1,
1159 865 1174 914 §
1189 882 1225 917 9,
1240 867 1299 906 ad-

34 917 143 956 dam:
159 916 218 955 Ἧν
230 915 274 955 ἑὲ
291 915 305 954 ὃ
323 908 506 968 Πέρῖηναξ
522 919 563 954 τὸ
583 916 651 966 μὲν
663 918 773 969 ’γένος
785 917 1011 963 Ἰταλιώτης,
1028 922 1060 956 ςν
1073 917 1117 956 ἓὲ
1131 919 1297 959 πολλαῖς

32 969 328 1020 στρατιωτικαῖς
341 984 386 1009 τε
402 972 466 1008 καὶ
478 973 699 1010 πολιτικαῖς
712 967 964 1020 εύὲοκιμὴσας
978 971 1152 1022 πράξεσι.
1167 973 1239 1012 Sed
1255 974 1296 1013 &

33 1023 169 1063 bellica
187 1023 226 1062 δι
240 1024 353 1063 civilia
367 1025 498 1077 negotia
515 1025 672 1075 πράξεις
684 1024 815 1063 vocari
828 1037 874 1062 ex
887 1037 936 1063 eo
954 1025 1041 1063 loco
1057 1037 1172 1077 patet,
1189 1028 1295 1079 quod

32 1077 182 1116 aliunde
194 1090 352 1129 quoque
365 1077 450 1116 satis
466 1087 615 1116 notum.
630 1076 669 1116 Si
684 1077 813 1129 itaque
827 1089 906 1115 non
918 1078 964 1116 de
974 1078 1076 1117 bello
1089 1092 1148 1131 ap.
1160 1079 1297 1120 Lucia-

32 1143 128 1170 num
144 1130 197 1170 est
208 1133 476 1184 cogitandum3
501 1142 628 1169 tamen
643 1130 803 1183 πράξεις
819 1131 876 1169 hic
892 1130 992 1170 recle
1013 1131 1048 1171 se
1067 1133 1229 1182 habent,
1253 1136 1295 1176 δε

30 1184 79 1223 de
93 1185 256 1237 negotiis
272 1185 372 1237 publ.
391 1185 542 1238 possunt
556 1185 694 1236 accipi:
711 1196 799 1222 nam
814 1184 858 1222 de
874 1184 1012 1224 bellicis
1023 1198 1071 1224 eo
1087 1188 1210 1226 minus
1226 1202 1296 1240 pu·

31 1249 110 1276 tem
125 1239 382 1291 accipiendum
397 1268 407 1285 ‚
422 1239 526 1291 quod
536 1237 758 1288 Ῥωμαϊκαῖς
775 1238 936 1284 additur,
954 1240 1058 1291 quod
1074 1241 1225 1281 urbanis
1236 1255 1296 1281 re-

30 1291 104 1330 bus
124 1294 241 1345 magis
258 1292 749 1345 propriumssfiffiewgwssm
772 1303 903 1331 autem
924 1306 996 1346 pro
1012 1290 1296 1346 εὗέοκιμεῖσὲαι

30 1345 107 1386 vid.
122 1346 249 1385 Scliol.
267 1345 454 1396 Thucyd.
478 1346 529 1391 ΙΙ,
543 1358 575 1385 c.
591 1359 632 1394 7.v
654 1345 797 1383 Rtlrz.

84 1402 157 1438 ead.
173 1401 195 1440 l.
214 1413 244 1452 ς.
263 1399 298 1437 Ei
310 1399 435 1453 μόνον)
456 1401 538 1440 Vid.
553 1399 674 1439 Clem.
690 1400 802 1437 Alex.
820 1398 893 1438 VII
907 1399 1087 1440 Stromat.
1102 1414 1186 1455 pag.
1204 1416 1295 1455 302,

31 1465 152 1506 v.43.
174 1463 229 1492 LA
243 1452 409 1493 CROZE.

86 1508 164 1546 ibid.
184 1508 448 1557 Ἀληλιμμένον
460 1521 532 1546 που
550 1505 661 1558 λίθον)
679 1506 778 1545 Vide
791 1504 914 1545 Clem.
931 1505 1046 1545 Alex.
1062 1506 1139 1551 VII
1152 1507 1295 1552 Strom.

32 1560 63 1600 οἱ
75 1557 186 1600 αὐτοὶ
202 1559 247 1599 Σὲ
265 1556 366 1599 οὗτοι
387 1561 465 1601 πᾶν
485 1559 592 1612 ξύλον
607 1561 672 1598 καὶ
691 1559 823 1598 ’πάντα
837 1560 941 1605 λίθον,
965 1563 1008 1598 τὸ
1030 1560 1077 1598 sla
1095 1562 1294 1613 λεγόμενον

32 1617 191 1665 λιπαρὸν
204 1611 501 1666 προσκυνοῦντες.
520 1614 628 1653 Unde
644 1615 715 1651 iam
732 1614 770 1651 in
787 1611 1041 1666 proverbium
1062 1614 1189 1654 abiiffe
1203 1629 1293 1656 con-

29 1667 112 1707 stat.
131 1667 356 1707 Meminit&
366 1668 556 1720 Apuleius
569 1668 676 1706 initio
689 1667 829 1705 Florid.
843 1679 1027 1706 monente
1037 1669 1083 1706 ad
1097 1669 1295 1722 Theophr.

29 1721 145 1762 Char.
159 1734 229 1774 295
241 1721 489 1762 casaubono.
503 1721 586 1773 Ipse
595 1721 897 1773 Theophrastus,
912 1720 1155 1773 superstitiosi
1171 1725 1295 1763 homi-

30 1774 89 1815 nis
100 1775 268 1824 hoceffe,
281 1776 331 1814 ait
339 1789 376 1828 p.
387 1789 436 1825 47
447 1774 638 1827 C.Tangit
653 1775 694 1813 δι
706 1774 791 1813 alibi
801 1774 959 1822 Noster3
975 1774 1240 1827 supra'Ewcn.
1253 1791 1289 1818 c.

32 1843 99 1876 22,
113 1827 209 1868 infra
226 1830 329 1869 ἑκκλ.
343 1842 374 1868 c.
395 1843 451 1868 12.
467 1828 624 1868 SOLAN.
648 1827 830 1867 conferri
845 1840 1013 1867 meretur
1025 1842 1111 1868 cum
1129 1832 1199 1872 hac
1214 1833 1295 1871 Ru-

29 1883 150 1922 tiliani
163 1881 414 1935 descriptione
426 1883 649 1936 principium
662 1882 906 1921 Floridorum
922 1883 1088 1934 Apuleii,
1100 1885 1164 1923 ubi
1178 1885 1294 1925 habe-

32 1949 118 1976 mus
127 1938 223 1976 inter
235 1937 311 1976 alia
321 1938 464 1989 lapidem
477 1938 623 1988 unguine
633 1937 824 1976 delibutum.
843 1936 914 1975 Sed
928 1936 1109 1976 nimirum
1126 1939 1201 1979 huc
1210 1953 1293 1993 per-

30 1991 128 2029 tinet
140 2001 223 2029 tota
237 1991 283 2030 de
298 1990 483 2041 Baetyliis
497 1990 717 2030 observatio
752 1990 881 2030 GEsN.

39 2064 41 2066 ·
86 2048 159 2083 ead.
175 2045 198 2082 l.
215 2045 250 2084 6.
266 2044 357 2097 Ἀεὶ)
376 2043 445 2084 Ms.
459 2044 556 2097 Reg.
573 2058 641 2097 301
655 2058 667 2082 1
688 2039 801 2083 εὐθὺς.

85 2100 159 2136 ead.
172 2099 195 2136 I.
213 2098 272 2137 16.
281 2098 451 2151 Γέροντα)
467 2099 647 2137 Mortuus
658 2098 709 2136 est
719 2097 940 2137 Rutilianus
951 2108 1017 2138 aut
1031 2098 1130 2139 circa
1145 2101 1200 2140 M.
1212 2101 1292 2142 Au-

31 2151 115 2191 relii
128 2152 291 2200 obitum,
302 2163 369 2191 aut
380 2153 587 2205 imperante
601 2154 675 2190 iam
683 2151 922 2198 Commodo,
934 2153 975 2192 δι
988 2154 1138 2205 quidem
1149 2154 1294 2208 septua-

33 2205 222 2258 genarius.
237 2205 297 2259 (v.
312 2218 344 2246 c.
363 2206 443 2259 34.)
456 2206 821 2258 Quinquagenarius
835 2219 930 2258 ergo
948 2207 1185 2254 Rutilianus,
1200 2222 1292 2249 cum

0 2289 2 2294 ‚
33 2259 80 2298 ad
94 2259 294 2313 imperium
307 2259 493 2299 accedere
507 2259 640 2299 fratres
652 2261 706 2298 M.
721 2260 899 2299 Aurelius
913 2261 953 2299 δι
971 2261 1008 2299 L.
1026 2262 1168 2300 Verus.
1184 2263 1292 2302 Con-

33 2313 103 2352 stat
123 2323 344 2366 praeterea,
360 2314 399 2352 in
413 2315 774 2353 nummoAntonini
797 2314 850 2353 Pii
864 2312 1031 2363 conspici
1055 2314 1292 2366 Glyconem,

32 2366 91 2406 Ex
100 2367 241 2419 quibus
253 2366 431 2407 omnibus
442 2368 478 2406 id
491 2368 636 2420 liquido
649 2368 854 2414 evincitur,
866 2368 1034 2407 nondum
1050 2367 1174 2408 senem
1188 2369 1292 2411 fuisse

33 2419 398 2468 Rutilianum‚cum
421 2422 585 2474 primum
608 2421 759 2460 Romae
778 2422 1201 2470 inn0tuitAlexander3
1225 2425 1292 2463 nisi

34 2486 167 2527 ponas,
183 2473 287 2514 senes
301 2474 384 2527 post
395 2488 445 2522 40
460 2475 636 2515 exauum
652 2487 795 2515 annum
809 2476 893 2515 dici.
909 2474 1025 2514 Certe
1038 2477 1088 2513 ita
1101 2477 1173 2517 hoc
1187 2479 1223 2516 in
1237 2478 1293 2521 10.

113 2528 256 2568 Luciam.
290 2530 368 2569 Vol.
398 2529 465 2570 Vs
974 2528 1013 2568 D
1029 2529 1051 2567 d
