1730 3326
388 218 484 274 '554
579 210 1457 261 ANNOTATIONES

438 293 512 330 ead.
527 292 551 330 l.
564 307 599 340 4.
616 291 652 331 Εἰ
665 293 828 345 περιττά
841 294 918 347 με)
938 293 1181 346 Interpositio
1193 325 1204 343 ‚
1220 296 1251 334 εἰ
1272 297 1434 348 περιττά
1451 310 1503 348 με
1523 297 1656 351 λέγειν

383 342 526 384 ἔοικας·
547 344 608 385 sed
630 345 810 393 rescribe,
835 349 864 386 εἰ
887 347 941 397 μὴ
963 351 1128 399 περιττὰ.
1149 349 1282 401 λέγειν
1305 349 1439 389 ἔοικας.
1465 351 1656 393 MARCIL.

384 397 564 437 Notabili
581 400 756 439 versione
779 402 871 439 haec
887 400 1145 440 obscurantur
1166 404 1216 441 ab
1240 403 1329 442 viris
1347 403 1492 451 doais,
1516 406 1581 457 qui
1598 406 1659 444 in-

386 460 657 502 terpretantur,
670 456 706 505 fi
727 455 856 492 abunde
872 455 954 492 milti
967 455 1069 493 dicere
1087 455 1224 503 videris,
1248 468 1338 496 cum
1354 469 1424 496 nec
1441 458 1479 496 in
1496 457 1657 498 Graecis

382 503 429 542 fit
439 519 500 554 μοι
519 506 582 543 vel
592 506 698 557 ἐμοὶ,
716 520 786 546 nec
798 508 1002 547 locutionis
1019 508 1235 548 huiusmodi
1250 509 1430 549 sententia
1449 512 1580 551 locum
1596 512 1661 552 ha·

383 556 474 597 bere
493 558 554 597 liic
571 558 695 611 poffit.
711 561 840 600 Nihilo
856 561 975 614 pluris
989 561 1216 602 aestimanda
1234 563 1452 603 immutatio
1470 564 1658 614 marcilii,

384 610 416 650 εἰ
429 611 481 660 μὴ
496 616 660 663 περιττὰ
672 616 798 666 λέγειν
811 615 941 654 ἔοικας.
960 615 1056 654 Nam
1072 615 1142 654 hac
1156 617 1385 668 exceptione
1397 618 1452 656 uti
1468 631 1545 657 non
1556 619 1658 666 vult,

386 664 428 703 δι
443 666 537 717 quia
562 665 626 706 scit
640 697 651 715 ‚
675 668 721 706 ab
738 666 772 706 se
796 668 872 720 peti
888 680 966 707 rem
978 698 990 715 ,
1011 682 1126 720 quam
1142 670 1343 720 praeterire
1359 670 1400 709 &
1413 670 1556 710 nescire
1569 682 1658 712 tuto

384 730 537 770 poterat
551 749 561 766 ‚
579 721 666 760 ideo
681 723 886 773 praemittit
899 721 1194 762 obtestationem
1207 736 1274 775 per
1289 723 1520 764 maiestatem
1532 726 1660 765 Vene-

388 773 452 810 ris.
465 771 602 812 Sensus
620 775 775 813 Luciuni
786 775 909 818 clarus
922 774 1159 826 est‚fiv.zniz,
1175 776 1314 822 otiosa,
1330 776 1470 820 futilia,
1490 779 1532 818 &
1547 779 1661 818 inuti-

385 825 434 863 lia
444 855 458 871 ,
471 842 519 864 me
531 828 634 866 „licere
645 829 824 877 existimas.
837 829 890 868 Ut
903 829 948 867 de
965 828 1145 869 Mercede
1160 829 1360 870 conductis
1370 859 1382 876 ,
1397 828 1435 870 {iv
1456 846 1514 871 τις
1537 828 1661 872 αὐτῶν

386 879 504 928 ἀφέλῃ
526 880 659 929 τοῦτο,
679 883 842 932 ἄτεχνοι
858 879 1000 920 αὐτίκα,
1016 883 1080 920 καὶ
1101 884 1212 936 ἀργοί
1224 883 1287 921 καὶ
1304 885 1477 935 περιττοί
1498 885 1598 926 εἰσιν.
1613 885 1661 926 Et

387 931 520 971 rursus
536 934 672 973 ibidem
683 967 694 984 ,
709 934 779 985 κᾷν
799 933 834 975 ἕν
847 951 884 975 τι
898 935 1036 974 τούτων
1051 933 1166 977 Mem
1179 936 1225 977 ἂν
1245 937 1416 990 γένοιτο,
1432 933 1480 978 ὦς
1488 939 1543 989 μὴ
1561 939 1663 978 διπό-

389 986 528 1033 βλητος
542 988 604 1027 καὶ
621 992 795 1041 περιττδς
811 990 897 1028 einr.
911 989 1057 1029 GRON.

444 1043 518 1079 ead.
546 1043 568 1079 l.
599 1056 636 1090 7.
659 1042 915 1094 Ἑσρταστικήν
939 1044 1084 1096 ἄγομεν
1104 1042 1268 1098 ἣμέροιν)
1288 1043 1423 1086 Iulian.
1444 1044 1659 1098 Imperator

390 1091 545 1134 Caesar.
561 1096 734 1136 Eoum).

446 1150 519 1187 ead.
533 1149 557 1187 l.
578 1163 632 1188 ιο.
646 1147 926 1204 mecho-efflat)
938 1149 1086 1191 Confer
1099 1149 1212 1205 supra
1224 1151 1326 1193 Dial.
1343 1151 1464 1193 Mort.
1477 1151 1607 1193 XXIII
1617 1181 1628 1201 ‚
1645 1152 1663 1202 §

395 1214 433 1252 3,
451 1201 489 1240 ἃ
505 1213 586 1242 not.
600 1204 749 1243 Rerrz.

445 1257 519 1294 ead.
533 1258 556 1294 l.
573 1270 587 1293 1
600 1272 632 1297 1.
647 1257 858 1296 Θαλάττης
873 1258 1051 1313 κύματα)
1065 1259 1121 1298 Ut
1136 1259 1172 1297 in
1188 1258 1329 1300 Catull.
1344 1259 1521 1299 BOURD.

443 1311 517 1347 ead.
533 1310 556 1348 l.
574 1313 628 1350 16.
642 1311 882 1351 Ἀντίπαιὸος
905 1309 1050 1352 ἡλικίας
1063 1315 1080 1361 )
1098 1311 1158 1352 Sic
1172 1313 1303 1352 Somn.
1320 1313 1336 1362 §
1361 1314 1404 1353 16
1427 1312 1453 1353 f.
1475 1311 1663 1354 ἀντίπαις

391 1359 450 1400 ἔτι
467 1363 523 1410 ὢν,
538 1367 633 1404 modo
642 1366 822 1418 pueritiam
834 1366 990 1418 egreffus,
1006 1377 1048 1405 ut
1059 1365 1200 1405 lenssus
1212 1366 1391 1406 observat
1403 1367 1440 1405 in
1455 1367 1572 1407 Lectt.
1584 1367 1659 1406 Lu-

390 1415 488 1455 cian.
503 1430 587 1470 pag.
604 1418 676 1471 89,
693 1419 1002 1472 Lexicographos
1018 1420 1218 1471 increpans
1245 1432 1434 1466 errantes,
1448 1434 1537 1460 cum
1559 1420 1665 1460 ἀντί-

390 1470 523 1509 musoe
548 1485 751 1525 exponunt
776 1474 959 1525 puberem
971 1503 984 1519 ,
1007 1474 1097 1512 dum
1130 1473 1396 1526 intelligendus
1416 1473 1459 1513 fit
1483 1476 1665 1514 etiamnum

385 1539 482 1576 puer.
502 1524 687 1580 Exempla
702 1526 952 1581 appositionis
964 1527 1152 1567 eiusmodi
1164 1526 1492 1568 substantivorum
1504 1557 1516 1575 ‚
1539 1540 1582 1568 ut
1599 1529 1667 1568 ἁν-

389 1581 529 1617 τιποιις
545 1576 695 1628 summm,
709 1582 829 1634 τέχνη
848 1580 1051 1628 βάναυσος,
1067 1584 1301 1633 στρατιώτης
1315 1582 1405 1627 βίος,
1421 1579 1529 1634 ἄῤῥην
1543 1580 1666 1628 πόθος,

390 1632 469 1670 vid.
487 1645 545 1683 ap.
559 1635 673 1675 eund.
688 1635 778 1674 lens.
792 1635 879 1674 ibid.
895 1633 971 1674 Etsi
981 1647 1120 1675 eorum
1133 1635 1316 1675 nonnulla
1327 1663 1339 1683 ‚
1360 1647 1459 1689 quae
1472 1633 1596 1680 affert,
1607 1647 1668 1674 re·

393 1698 486 1724 vera
502 1685 587 1726 sunt
608 1682 806 1729 a'dieffiva.
824 1689 980 1728 Interim
995 1702 1042 1728 ex
1060 1688 1147 1742 ipsis
1159 1719 1170 1737 ,
1187 1689 1233 1728 de
1249 1689 1388 1742 quibus
1400 1689 1593 1729 Lucianus
1607 1689 1670 1730 hic

391 1738 584 1792 loquitur,
605 1743 801 1782 amoribus
814 1754 937 1795 patet,
959 1755 1037 1782 non
1057 1755 1183 1782 tamen
1203 1743 1301 1782 adeo
1322 1743 1522 1793 pueritiam
1544 1741 1663 1796 ipsam

390 1792 475 1833 sive
497 1796 655 1846 primam
675 1796 953 1848 intelligendam
964 1811 976 1844 3
995 1795 1056 1835 sed
1079 1797 1227 1835 initium
1244 1795 1540 1843 adolescentiae,
1559 1797 1667 1848 quod

391 1848 525 1900 &ipsa
546 1850 778 1903 praepositio
792 1850 876 1889 ἀντὶ
891 1849 1051 1890 ostendit
1065 1880 1077 1896 ,
1092 1863 1192 1902 quae
1207 1851 1524 1902 permutationem
1536 1863 1669 1902 quan-

391 1902 478 1940 dam
494 1905 625 1944 aetatis
644 1904 803 1943 indicat:
818 1917 937 1956 quare
952 1903 1166 1944 Henisterh.
1190 1904 1226 1942 in
1241 1903 1372 1943 Somn.
1389 1903 1413 1943 l.
1437 1916 1469 1943 c.
1488 1903 1668 1945 ἀντίπαις

392 1957 539 2009 Optime
553 1958 709 1997 reddidit
722 1989 733 2006 ,
746 1959 925 2011 pueritiam
939 1969 1071 1997 tantum
1082 1959 1174 2010 quod
1181 1957 1336 2011 egreffus.
1352 1957 1496 1997 REsz.

447 2010 539 2064 Pag.
557 2012 645 2064 258.
659 2013 680 2051 l.
697 2026 730 2065 3.
751 2011 913 2064 chpxwae)
928 2011 1041 2051 Unde
1054 2011 1192 2051 habeat
1205 2011 1343 2051 nescio.
1361 2011 1518 2050 Somn.

447 2068 522 2103 ead.
533 2066 558 2103 l.
573 2065 608 2104 8.
624 2061 676 2104 Οὗ
691 2067 770 2119 ’γὰρ
785 2065 966 2106 Ἡλιάέης
978 2065 1060 2117 ἐγώ
1074 2066 1151 2118 τις)
1167 2064 1317 2105 Inducit
1329 2065 1520 2105 Lucianus
1532 2063 1667 2105 Theo-

392 2117 582 2158 mnestum
608 2120 774 2172 aliquem
787 2150 799 2164 ‚
828 2119 1053 2159 referentem
1064 2150 1075 2167 ,
1099 2119 1423 2172 quemadmodum
1447 2119 1664 2161 idemtidem

391 2173 507 2214 novis
522 2183 657 2213 uratur
671 2173 885 2220 amoribus,
910 2171 1152 2225 affiduusque
1165 2186 1269 2214 nunc
1284 2173 1398 2213 huius
1411 2203 1421 2220 ,
1442 2185 1547 2212 nunc
1565 2172 1666 2214 illius

393 2237 546 2266 amator
560 2225 624 2275 sit3
643 2239 849 2281 propterea
865 2227 901 2266 se
924 2226 1033 2280 saepe
1054 2227 1259 2274 haesitare,
1276 2227 1377 2266 unde
1399 2226 1491 2266 haec
1508 2227 1561 2265 ira
1584 2227 1668 2266 Ve-

393 2280 497 2320 neris
510 2279 554 2319 fit
570 2291 678 2329 orta;
692 2294 817 2334 neque
837 2281 939 2321 enim
963 2280 999 2320 se
1019 2280 1093 2321 effe
1105 2280 1309 2337 rHeliaden.
1335 2280 1404 2320 Καὶ
1419 2279 1592 2333 συνεχὲς,
1608 2279 1667 2318 in-

391 2335 503 2388 quit,
519 2334 666 2385 ἀπορεῖν
681 2334 892 2388 ἐπέρχετιιί
905 2349 991 2385 μοι,
1006 2334 1065 2375 τίς
1083 2332 1188 2374 οὗτος
1203 2334 1419 2385 Ἀφροὲίτης
1439 2333 1454 2372 ὃ
1468 2333 1600 2387 χόλος·
1627 2332 1668 2373 οὗ

394 2390 473 2441 γὰρ
484 2387 662 2429 Ἧλιέιὸης
673 2389 751 2441 ἐγώ
763 2404 834 2429 τις.
847 2388 973 2442 Quod
987 2389 1052 2436 ait,
1065 2387 1102 2428 se
1114 2401 1194 2428 non
1207 2387 1280 2428 effe
1292 2388 1490 2436 Heliaden,
1501 2387 1536 2427 id
1549 2386 1670 2428 Scho-

394 2442 520 2482 liastes
531 2442 575 2482 de
590 2442 770 2496 Pasiphae
783 2443 971 2496 exponit,
987 2455 1087 2495 quae
1101 2442 1149 2481 ab
1161 2443 1257 2481 irata
1272 2443 1426 2481 Venere
1440 2441 1477 2480 in
1493 2454 1666 2481 amorem

395 2496 495 2534 tauri
509 2495 624 2538 fuerit
637 2497 687 2537 im
690 2495 810 2551 pulsa.
819 2496 953 2539 Verba
968 2497 1049 2538 eius
1061 2494 1161 2547 sunt,
1180 2498 1257 2540 Διὰ,
1274 2495 1342 2539 τὴν
1354 2496 1570 2546 Πασιφάης
1583 2494 1665 2540 ἐπεὶ
