<?xml version="1.0" encoding="UTF-8"?>
<!DOCTYPE html PUBLIC "-//W3C//DTD XHTML 1.0 Transitional//EN"
    "http://www.w3.org/TR/xhtml1/DTD/xhtml1-transitional.dtd">
<html xmlns="http://www.w3.org/1999/xhtml" xml:lang="en" lang="en">
 <head>
  <title>
</title>
<meta http-equiv="Content-Type" content="text/html;charset=utf-8" />
  <meta name='ocr-system' content='tesseract 3.04.00' />
  <meta name='ocr-capabilities' content='ocr_page ocr_carea ocr_par ocr_line ocrx_word'/>
</head>
<body>
  <div class='ocr_page' id='page_1' title='image "./operagraeceetlat05luciuoft/operagraeceetlat05luciuoft_0588.png"; bbox 0 0 1730 3326; ppageno 0'>
   <div class='ocr_carea' id='block_1_1' title="bbox 418 212 1496 278">
    <p class='ocr_par' dir='ltr' id='par_1_1' title="bbox 418 212 1496 278">
     <span class='ocr_line' id='line_1_1' title="bbox 418 212 1496 278; baseline -0.001 -15"><span class='ocrx_word' id='word_1_1' title='bbox 418 214 513 278; x_wconf 60' lang='lat' dir='ltr'>3ss</span> <span class='ocrx_word' id='word_1_2' title='bbox 621 212 1496 266; x_wconf 78' lang='lat' dir='ltr'><strong>ANNOTATIONES</strong></span> 
     </span>
    </p>
   </div>
   <div class='ocr_carea' id='block_1_2' title="bbox 404 297 1692 2550">
    <p class='ocr_par' dir='ltr' id='par_1_2' title="bbox 417 297 1692 724">
     <span class='ocr_line' id='line_1_2' title="bbox 418 297 1690 354; baseline 0.003 -15"><span class='ocrx_word' id='word_1_3' title='bbox 418 302 506 354; x_wconf 84' lang='lat' dir='ltr'>quia</span> <span class='ocrx_word' id='word_1_4' title='bbox 521 300 686 353; x_wconf 85' lang='lat' dir='ltr'>analoga</span> <span class='ocrx_word' id='word_1_5' title='bbox 699 300 872 352; x_wconf 79' lang='lat' dir='ltr'>exempla</span> <span class='ocrx_word' id='word_1_6' title='bbox 884 297 1019 338; x_wconf 85' lang='lat' dir='ltr'>afferre</span> <span class='ocrx_word' id='word_1_7' title='bbox 1034 298 1167 352; x_wconf 86' lang='lat' dir='ltr'>poffim</span> <span class='ocrx_word' id='word_1_8' title='bbox 1181 299 1280 339; x_wconf 87' lang='lat' dir='ltr'>haud</span> <span class='ocrx_word' id='word_1_9' title='bbox 1291 313 1411 352; x_wconf 88' lang='lat' dir='ltr'>pauca</span> <span class='ocrx_word' id='word_1_10' title='bbox 1426 311 1576 346; x_wconf 78' lang='lat' dir='ltr'>eorum,</span> <span class='ocrx_word' id='word_1_11' title='bbox 1587 314 1690 353; x_wconf 83' lang='lat' dir='ltr'>quae</span> 
     </span>
     <span class='ocr_line' id='line_1_3' title="bbox 419 353 1690 400; baseline 0.002 -7"><span class='ocrx_word' id='word_1_12' title='bbox 419 355 539 393; x_wconf 84' lang='lat' dir='ltr'>modo</span> <span class='ocrx_word' id='word_1_13' title='bbox 548 355 771 393; x_wconf 81' lang='lat' dir='ltr'>communia</span> <span class='ocrx_word' id='word_1_14' title='bbox 784 354 882 400; x_wconf 74' lang='lat' dir='ltr'>sunt,</span> <span class='ocrx_word' id='word_1_15' title='bbox 895 353 1013 392; x_wconf 90' lang='lat' dir='ltr'>modo</span> <span class='ocrx_word' id='word_1_16' title='bbox 1024 353 1328 392; x_wconf 83' lang='lat' dir='ltr'>terminationem</span> <span class='ocrx_word' id='word_1_17' title='bbox 1344 353 1560 392; x_wconf 84' lang='lat' dir='ltr'>femininam</span> <span class='ocrx_word' id='word_1_18' title='bbox 1570 356 1690 395; x_wconf 80' lang='lat' dir='ltr'>adsci-</span> 
     </span>
     <span class='ocr_line' id='line_1_4' title="bbox 418 406 1692 460; baseline 0.004 -15"><span class='ocrx_word' id='word_1_19' title='bbox 418 406 541 447; x_wconf 83' lang='lat' dir='ltr'>scunt.</span> <span class='ocrx_word' id='word_1_20' title='bbox 563 408 616 446; x_wconf 87' lang='lat' dir='ltr'>lta</span> <span class='ocrx_word' id='word_1_21' title='bbox 633 407 876 460; x_wconf 64' lang='lat' dir='ltr'>slvez‘ybpemv</span> <span class='ocrx_word' id='word_1_22' title='bbox 892 407 1112 455; x_wconf 69' lang='grc' dir='ltr'><strong><em>φιλοσοφίαν</em></strong></span> <span class='ocrx_word' id='word_1_23' title='bbox 1136 418 1184 444; x_wconf 86' lang='lat' dir='ltr'>ex</span> <span class='ocrx_word' id='word_1_24' title='bbox 1206 406 1347 445; x_wconf 88' lang='lat' dir='ltr'>Athen.</span> <span class='ocrx_word' id='word_1_25' title='bbox 1367 406 1381 445; x_wconf 91' lang='lat'>1</span> <span class='ocrx_word' id='word_1_26' title='bbox 1402 408 1527 446; x_wconf 85' lang='lat' dir='ltr'>attulit</span> <span class='ocrx_word' id='word_1_27' title='bbox 1543 407 1692 450; x_wconf 84' lang='lat' dir='ltr'>Graev.</span> 
     </span>
     <span class='ocr_line' id='line_1_5' title="bbox 418 458 1691 519; baseline 0 -20"><span class='ocrx_word' id='word_1_28' title='bbox 418 462 464 500; x_wconf 90' lang='lat' dir='ltr'>ad</span> <span class='ocrx_word' id='word_1_29' title='bbox 479 461 524 500; x_wconf 87' lang='lat' dir='ltr'>de</span> <span class='ocrx_word' id='word_1_30' title='bbox 536 459 624 499; x_wconf 85' lang='lat' dir='ltr'>Salt.</span> <span class='ocrx_word' id='word_1_31' title='bbox 644 461 659 509; x_wconf 65' lang='grc' dir='ltr'><strong>ς</strong></span> <span class='ocrx_word' id='word_1_32' title='bbox 676 474 738 511; x_wconf 89' lang='lat'>70.</span> <span class='ocrx_word' id='word_1_33' title='bbox 755 461 862 499; x_wconf 81' lang='lat' dir='ltr'>Adde</span> <span class='ocrx_word' id='word_1_34' title='bbox 877 460 935 499; x_wconf 88' lang='lat' dir='ltr'>hic</span> <span class='ocrx_word' id='word_1_35' title='bbox 957 472 987 499; x_wconf 91' lang='lat' dir='ltr'>c.</span> <span class='ocrx_word' id='word_1_36' title='bbox 1005 473 1053 512; x_wconf 85' lang='lat'>30</span> <span class='ocrx_word' id='word_1_37' title='bbox 1068 458 1093 498; x_wconf 92' lang='lat' dir='ltr'>f.</span> <span class='ocrx_word' id='word_1_38' title='bbox 1111 459 1172 498; x_wconf 88' lang='lat' dir='ltr'>Sic</span> <span class='ocrx_word' id='word_1_39' title='bbox 1188 460 1399 498; x_wconf 84' lang='lat' dir='ltr'>Herodian.</span> <span class='ocrx_word' id='word_1_40' title='bbox 1417 474 1452 505; x_wconf 82' lang='lat'>2,</span> <span class='ocrx_word' id='word_1_41' title='bbox 1468 473 1507 508; x_wconf 94' lang='lat'>7,</span> <span class='ocrx_word' id='word_1_42' title='bbox 1519 474 1554 519; x_wconf 78' lang='lat'>3,</span> <span class='ocrx_word' id='word_1_43' title='bbox 1569 461 1691 513; x_wconf 64' lang='grc' dir='ltr'>ὀρέξαι</span> 
     </span>
     <span class='ocr_line' id='line_1_6' title="bbox 419 511 1690 566; baseline 0.002 -14"><span class='ocrx_word' id='word_1_44' title='bbox 419 512 534 566; x_wconf 70' lang='grc' dir='ltr'>χεῖρα</span> <span class='ocrx_word' id='word_1_45' title='bbox 555 511 736 565; x_wconf 62' lang='grc' dir='ltr'><strong><em>σωτήριον,</em></strong></span> <span class='ocrx_word' id='word_1_46' title='bbox 758 514 864 566; x_wconf 88' lang='lat' dir='ltr'>quod</span> <span class='ocrx_word' id='word_1_47' title='bbox 885 513 1038 566; x_wconf 70' lang='lat' dir='ltr'>quidem</span> <span class='ocrx_word' id='word_1_48' title='bbox 1057 512 1106 550; x_wconf 89' lang='lat' dir='ltr'>ibi</span> <span class='ocrx_word' id='word_1_49' title='bbox 1120 512 1202 551; x_wconf 84' lang='lat' dir='ltr'>fieri</span> <span class='ocrx_word' id='word_1_50' title='bbox 1221 513 1346 558; x_wconf 89' lang='lat' dir='ltr'>dicas,</span> <span class='ocrx_word' id='word_1_51' title='bbox 1373 525 1420 551; x_wconf 87' lang='lat' dir='ltr'>ne</span> <span class='ocrx_word' id='word_1_52' title='bbox 1435 515 1690 555; x_wconf 77' lang='lat' dir='ltr'>contundatur</span> 
     </span>
     <span class='ocr_line' id='line_1_7' title="bbox 417 564 1689 617; baseline 0 -11"><span class='ocrx_word' id='word_1_53' title='bbox 417 580 506 607; x_wconf 82' lang='lat' dir='ltr'>cum</span> <span class='ocrx_word' id='word_1_54' title='bbox 528 566 703 606; x_wconf 80' lang='lat' dir='ltr'>substant.</span> <span class='ocrx_word' id='word_1_55' title='bbox 722 568 928 617; x_wconf 74' lang='grc' dir='ltr'><em>σωτηρίαν,</em></span> <span class='ocrx_word' id='word_1_56' title='bbox 942 579 1080 605; x_wconf 85' lang='lat' dir='ltr'>verum</span> <span class='ocrx_word' id='word_1_57' title='bbox 1094 565 1198 604; x_wconf 76' lang='lat'>&amp;105</span> <span class='ocrx_word' id='word_1_58' title='bbox 1216 564 1345 604; x_wconf 85' lang='lat' dir='ltr'>femin.</span> <span class='ocrx_word' id='word_1_59' title='bbox 1360 565 1455 605; x_wconf 87' lang='lat' dir='ltr'>idem</span> <span class='ocrx_word' id='word_1_60' title='bbox 1469 568 1617 606; x_wconf 83' lang='lat' dir='ltr'>Herod.</span> <span class='ocrx_word' id='word_1_61' title='bbox 1640 581 1662 606; x_wconf 93' lang='lat'>2</span> <span class='ocrx_word' id='word_1_62' title='bbox 1675 597 1689 616; x_wconf 85' lang='lat'><strong>,</strong></span> 
     </span>
     <span class='ocr_line' id='line_1_8' title="bbox 417 617 1686 724; baseline 0.001 -11"><span class='ocrx_word' id='word_1_63' title='bbox 417 634 553 714; x_wconf 62' lang='lat' dir='ltr'>34&#39;v31i1</span> <span class='ocrx_word' id='word_1_64' title='bbox 561 617 976 712; x_wconf 52' lang='lat' dir='ltr'>⁰⁶¹’55‘235s5‘5330-55023&#39;</span> <span class='ocrx_word' id='word_1_65' title='bbox 984 618 1415 724; x_wconf 53' lang='grc' dir='ltr'>ἒιῗέἑὲἔωζὶἓέζῗὲᾍ</span> <span class='ocrx_word' id='word_1_66' title='bbox 1428 619 1686 714; x_wconf 44' lang='grc' dir='ltr'>ἷξῇῗὲἑηῑὲῖ·</span> 
     </span>
     <span class='ocr_line' id='line_1_9' title="bbox 566 696 1689 720; baseline -0.013 0"><span class='ocrx_word' id='word_1_67' title='bbox 566 704 577 720; x_wconf 70' lang='lat'>9</span> <span class='ocrx_word' id='word_1_68' title='bbox 654 704 666 719; x_wconf 75' lang='lat'><em>2</em></span> <span class='ocrx_word' id='word_1_69' title='bbox 1248 703 1256 710; x_wconf 72' lang='grc' dir='ltr'>ι</span> <span class='ocrx_word' id='word_1_70' title='bbox 1311 701 1317 709; x_wconf 77' lang='grc' dir='ltr'>ι</span> <span class='ocrx_word' id='word_1_71' title='bbox 1673 696 1689 705; x_wconf 72' lang='grc' dir='ltr'><strong><em>ο</em></strong></span> 
     </span>
    </p>

    <p class='ocr_par' dir='ltr' id='par_1_3' title="bbox 410 687 1691 1796">
     <span class='ocr_line' id='line_1_10' title="bbox 416 687 1687 780; baseline 0.002 -15"><span class='ocrx_word' id='word_1_72' title='bbox 416 725 657 780; x_wconf 85' lang='lat' dir='ltr'>quifitionem</span> <span class='ocrx_word' id='word_1_73' title='bbox 683 727 812 779; x_wconf 86' lang='lat' dir='ltr'>aptius</span> <span class='ocrx_word' id='word_1_74' title='bbox 823 757 836 772; x_wconf 92' lang='lat'>‚</span> <span class='ocrx_word' id='word_1_75' title='bbox 859 687 1157 778; x_wconf 65' lang='lat' dir='ltr'>qiiodehucyd.</span> <span class='ocrx_word' id='word_1_76' title='bbox 1182 726 1312 764; x_wconf 66' lang='lat' dir='ltr'>adiest.</span> <span class='ocrx_word' id='word_1_77' title='bbox 1333 724 1546 777; x_wconf 65' lang='grc' dir='ltr'><em>ἀναγκαῖος</em></span> <span class='ocrx_word' id='word_1_78' title='bbox 1572 727 1687 767; x_wconf 87' lang='lat' dir='ltr'>etiam</span> 
     </span>
     <span class='ocr_line' id='line_1_11' title="bbox 414 778 1687 832; baseline 0.001 -13"><span class='ocrx_word' id='word_1_79' title='bbox 414 781 612 820; x_wconf 86' lang='lat' dir='ltr'>communi</span> <span class='ocrx_word' id='word_1_80' title='bbox 639 792 777 832; x_wconf 85' lang='lat' dir='ltr'>genere</span> <span class='ocrx_word' id='word_1_81' title='bbox 806 791 950 826; x_wconf 87' lang='lat' dir='ltr'>utatur,</span> <span class='ocrx_word' id='word_1_82' title='bbox 976 779 1078 832; x_wconf 87' lang='lat' dir='ltr'>quod</span> <span class='ocrx_word' id='word_1_83' title='bbox 1105 778 1192 817; x_wconf 86' lang='lat' dir='ltr'>alibi</span> <span class='ocrx_word' id='word_1_84' title='bbox 1216 778 1348 817; x_wconf 70' lang='lat' dir='ltr'>femin·</span> <span class='ocrx_word' id='word_1_85' title='bbox 1376 779 1687 820; x_wconf 80' lang='lat' dir='ltr'>terminationem</span> 
     </span>
     <span class='ocr_line' id='line_1_12' title="bbox 415 829 1691 886; baseline -0.001 -14"><span class='ocrx_word' id='word_1_86' title='bbox 415 833 596 886; x_wconf 82' lang='lat' dir='ltr'>agnoscit.</span> <span class='ocrx_word' id='word_1_87' title='bbox 611 833 698 871; x_wconf 85' lang='lat' dir='ltr'>Vid.</span> <span class='ocrx_word' id='word_1_88' title='bbox 713 846 802 871; x_wconf 91' lang='lat' dir='ltr'>eum</span> <span class='ocrx_word' id='word_1_89' title='bbox 821 834 864 872; x_wconf 86' lang='lat' dir='ltr'>L.</span> <span class='ocrx_word' id='word_1_90' title='bbox 874 832 904 875; x_wconf 86' lang='lat'>1,</span> <span class='ocrx_word' id='word_1_91' title='bbox 917 846 949 873; x_wconf 92' lang='lat' dir='ltr'>c.</span> <span class='ocrx_word' id='word_1_92' title='bbox 962 847 1000 878; x_wconf 71' lang='grc' dir='ltr'>α,</span> <span class='ocrx_word' id='word_1_93' title='bbox 1013 830 1080 871; x_wconf 71' lang='grc' dir='ltr'>τῆς</span> <span class='ocrx_word' id='word_1_94' title='bbox 1091 831 1136 870; x_wconf 52' lang='grc' dir='ltr'>δὲ</span> <span class='ocrx_word' id='word_1_95' title='bbox 1149 830 1228 871; x_wconf 72' lang='grc' dir='ltr'>καθ’</span> <span class='ocrx_word' id='word_1_96' title='bbox 1242 829 1375 883; x_wconf 63' lang='grc' dir='ltr'>ἧμέραν</span> <span class='ocrx_word' id='word_1_97' title='bbox 1388 833 1601 885; x_wconf 65' lang='grc' dir='ltr'><em>ἀναγκαίου</em></span> <span class='ocrx_word' id='word_1_98' title='bbox 1611 848 1691 885; x_wconf 72' lang='grc' dir='ltr'><strong><em>τρο-</em></strong></span> 
     </span>
     <span class='ocr_line' id='line_1_13' title="bbox 415 885 1689 938; baseline 0.001 -13"><span class='ocrx_word' id='word_1_99' title='bbox 415 886 503 937; x_wconf 60' lang='grc' dir='ltr'>φῆς.</span> <span class='ocrx_word' id='word_1_100' title='bbox 521 886 686 938; x_wconf 86' lang='lat' dir='ltr'>Dionys.</span> <span class='ocrx_word' id='word_1_101' title='bbox 700 887 788 925; x_wconf 76' lang='lat' dir='ltr'>Hal.</span> <span class='ocrx_word' id='word_1_102' title='bbox 809 887 894 937; x_wconf 73' lang='grc' dir='ltr'>Περὶ</span> <span class='ocrx_word' id='word_1_103' title='bbox 907 885 1010 925; x_wconf 74' lang='grc' dir='ltr'><strong>Συνθ.</strong></span> <span class='ocrx_word' id='word_1_104' title='bbox 1028 887 1151 935; x_wconf 81' lang='grc' dir='ltr'>Ὀνομ.</span> <span class='ocrx_word' id='word_1_105' title='bbox 1165 899 1201 936; x_wconf 91' lang='lat' dir='ltr'>p.</span> <span class='ocrx_word' id='word_1_106' title='bbox 1216 899 1281 938; x_wconf 87' lang='lat'>25,</span> <span class='ocrx_word' id='word_1_107' title='bbox 1300 899 1332 933; x_wconf 84' lang='lat'>1,</span> <span class='ocrx_word' id='word_1_108' title='bbox 1344 886 1473 924; x_wconf 85' lang='lat' dir='ltr'>eadem</span> <span class='ocrx_word' id='word_1_109' title='bbox 1491 887 1612 926; x_wconf 78' lang='lat' dir='ltr'>verba</span> <span class='ocrx_word' id='word_1_110' title='bbox 1626 900 1689 927; x_wconf 87' lang='lat' dir='ltr'>re-</span> 
     </span>
     <span class='ocr_line' id='line_1_14' title="bbox 415 937 1689 994; baseline 0.001 -14"><span class='ocrx_word' id='word_1_111' title='bbox 415 942 522 994; x_wconf 85' lang='lat' dir='ltr'>petit.</span> <span class='ocrx_word' id='word_1_112' title='bbox 537 941 641 980; x_wconf 87' lang='lat' dir='ltr'>Idem</span> <span class='ocrx_word' id='word_1_113' title='bbox 657 939 748 985; x_wconf 79' lang='lat' dir='ltr'>Vll,</span> <span class='ocrx_word' id='word_1_114' title='bbox 762 953 798 991; x_wconf 91' lang='lat' dir='ltr'>p.</span> <span class='ocrx_word' id='word_1_115' title='bbox 817 953 894 991; x_wconf 83' lang='lat'>450</span> <span class='ocrx_word' id='word_1_116' title='bbox 905 940 963 978; x_wconf 87' lang='lat' dir='ltr'>ed.</span> <span class='ocrx_word' id='word_1_117' title='bbox 978 939 1074 992; x_wconf 88' lang='lat' dir='ltr'>Lips.</span> <span class='ocrx_word' id='word_1_118' title='bbox 1089 937 1185 977; x_wconf 85' lang='lat' dir='ltr'>vers.</span> <span class='ocrx_word' id='word_1_119' title='bbox 1202 937 1266 977; x_wconf 87' lang='lat' dir='ltr'>fin.</span> <span class='ocrx_word' id='word_1_120' title='bbox 1283 938 1347 980; x_wconf 67' lang='grc' dir='ltr'>τῆς</span> <span class='ocrx_word' id='word_1_121' title='bbox 1360 939 1573 992; x_wconf 62' lang='grc' dir='ltr'>ἀναγκαίου</span> <span class='ocrx_word' id='word_1_122' title='bbox 1586 955 1689 980; x_wconf 73' lang='grc' dir='ltr'>σπαι-</span> 
     </span>
     <span class='ocr_line' id='line_1_15' title="bbox 414 991 1689 1045; baseline 0 -11"><span class='ocrx_word' id='word_1_123' title='bbox 414 994 556 1045; x_wconf 67' lang='grc' dir='ltr'>νίζεται</span> <span class='ocrx_word' id='word_1_124' title='bbox 575 992 716 1045; x_wconf 68' lang='grc' dir='ltr'><strong><em>τροφῆς.</em></strong></span> <span class='ocrx_word' id='word_1_125' title='bbox 743 993 790 1032; x_wconf 87' lang='lat' dir='ltr'>Et</span> <span class='ocrx_word' id='word_1_126' title='bbox 809 992 858 1032; x_wconf 90' lang='lat' dir='ltr'>s1c</span> <span class='ocrx_word' id='word_1_127' title='bbox 879 991 1008 1032; x_wconf 85' lang='lat' dir='ltr'>rursus</span> <span class='ocrx_word' id='word_1_128' title='bbox 1027 991 1124 1032; x_wconf 86' lang='lat' dir='ltr'>vers.</span> <span class='ocrx_word' id='word_1_129' title='bbox 1139 992 1207 1032; x_wconf 86' lang='lat' dir='ltr'>ult.</span> <span class='ocrx_word' id='word_1_130' title='bbox 1221 991 1337 1032; x_wconf 85' lang='lat' dir='ltr'>eiusd.</span> <span class='ocrx_word' id='word_1_131' title='bbox 1356 1005 1441 1044; x_wconf 83' lang='lat' dir='ltr'>pag.</span> <span class='ocrx_word' id='word_1_132' title='bbox 1455 1005 1498 1032; x_wconf 90' lang='lat' dir='ltr'>ac</span> <span class='ocrx_word' id='word_1_133' title='bbox 1510 992 1588 1032; x_wconf 87' lang='lat' dir='ltr'>fere</span> <span class='ocrx_word' id='word_1_134' title='bbox 1601 1006 1689 1045; x_wconf 88' lang='lat' dir='ltr'>per-</span> 
     </span>
     <span class='ocr_line' id='line_1_16' title="bbox 414 1046 1686 1100; baseline 0 -13"><span class='ocrx_word' id='word_1_135' title='bbox 414 1059 536 1100; x_wconf 88' lang='lat' dir='ltr'>petuo</span> <span class='ocrx_word' id='word_1_136' title='bbox 553 1048 664 1087; x_wconf 84' lang='lat' dir='ltr'>alibi:</span> <span class='ocrx_word' id='word_1_137' title='bbox 686 1047 859 1086; x_wconf 84' lang='lat' dir='ltr'>feminini</span> <span class='ocrx_word' id='word_1_138' title='bbox 872 1059 971 1086; x_wconf 87' lang='lat' dir='ltr'>vero</span> <span class='ocrx_word' id='word_1_139' title='bbox 991 1047 1193 1099; x_wconf 70' lang='grc' dir='ltr'>ἐιναγκαία.</span> <span class='ocrx_word' id='word_1_140' title='bbox 1205 1046 1383 1098; x_wconf 82' lang='lat' dir='ltr'>exempla</span> <span class='ocrx_word' id='word_1_141' title='bbox 1398 1059 1459 1098; x_wconf 88' lang='lat' dir='ltr'>ap.</span> <span class='ocrx_word' id='word_1_142' title='bbox 1474 1047 1686 1088; x_wconf 84' lang='lat' dir='ltr'>Herodian.</span> 
     </span>
     <span class='ocr_line' id='line_1_17' title="bbox 414 1099 1689 1152; baseline 0 -11"><span class='ocrx_word' id='word_1_143' title='bbox 414 1101 457 1141; x_wconf 85' lang='lat'>&amp;</span> <span class='ocrx_word' id='word_1_144' title='bbox 477 1102 517 1140; x_wconf 88' lang='lat' dir='ltr'>in</span> <span class='ocrx_word' id='word_1_145' title='bbox 537 1102 584 1140; x_wconf 91' lang='lat' dir='ltr'>N.</span> <span class='ocrx_word' id='word_1_146' title='bbox 603 1101 718 1140; x_wconf 90' lang='lat' dir='ltr'>Foed.</span> <span class='ocrx_word' id='word_1_147' title='bbox 731 1099 814 1140; x_wconf 89' lang='lat' dir='ltr'>sunt</span> <span class='ocrx_word' id='word_1_148' title='bbox 831 1101 960 1140; x_wconf 88' lang='lat' dir='ltr'>obvia.</span> <span class='ocrx_word' id='word_1_149' title='bbox 983 1099 1097 1152; x_wconf 85' lang='lat' dir='ltr'>Quin</span> <span class='ocrx_word' id='word_1_150' title='bbox 1119 1099 1160 1138; x_wconf 79' lang='grc' dir='ltr'>δι</span> <span class='ocrx_word' id='word_1_151' title='bbox 1182 1100 1452 1152; x_wconf 83' lang='lat' dir='ltr'>comparativo</span> <span class='ocrx_word' id='word_1_152' title='bbox 1467 1100 1588 1152; x_wconf 85' lang='lat' dir='ltr'>gradu</span> <span class='ocrx_word' id='word_1_153' title='bbox 1603 1102 1689 1141; x_wconf 68' lang='grc' dir='ltr'>ἔφη·</span> 
     </span>
     <span class='ocr_line' id='line_1_18' title="bbox 412 1152 1689 1207; baseline 0.001 -14"><span class='ocrx_word' id='word_1_154' title='bbox 412 1156 641 1206; x_wconf 75' lang='grc' dir='ltr'>μηκέστερον</span> <span class='ocrx_word' id='word_1_155' title='bbox 657 1154 777 1207; x_wconf 69' lang='grc' dir='ltr'><strong><em>ἀρχὴν</em></strong></span> <span class='ocrx_word' id='word_1_156' title='bbox 790 1155 921 1193; x_wconf 85' lang='lat' dir='ltr'>inveni</span> <span class='ocrx_word' id='word_1_157' title='bbox 937 1167 998 1207; x_wconf 90' lang='lat' dir='ltr'>ap.</span> <span class='ocrx_word' id='word_1_158' title='bbox 1010 1153 1219 1193; x_wconf 86' lang='lat' dir='ltr'>Herodian.</span> <span class='ocrx_word' id='word_1_159' title='bbox 1234 1152 1272 1201; x_wconf 88' lang='lat'>1,</span> <span class='ocrx_word' id='word_1_160' title='bbox 1286 1167 1325 1206; x_wconf 89' lang='lat' dir='ltr'>p.</span> <span class='ocrx_word' id='word_1_161' title='bbox 1346 1166 1384 1198; x_wconf 86' lang='lat'>2,</span> <span class='ocrx_word' id='word_1_162' title='bbox 1409 1154 1515 1204; x_wconf 87' lang='lat' dir='ltr'>quod</span> <span class='ocrx_word' id='word_1_163' title='bbox 1525 1153 1689 1206; x_wconf 86' lang='lat' dir='ltr'>Stepha-</span> 
     </span>
     <span class='ocr_line' id='line_1_19' title="bbox 415 1206 1685 1259; baseline 0.002 -13"><span class='ocrx_word' id='word_1_164' title='bbox 415 1220 469 1248; x_wconf 90' lang='lat' dir='ltr'>no</span> <span class='ocrx_word' id='word_1_165' title='bbox 484 1219 611 1248; x_wconf 82' lang='lat' dir='ltr'>tamen</span> <span class='ocrx_word' id='word_1_166' title='bbox 620 1206 842 1259; x_wconf 66' lang='lat' dir='ltr'>suspestum.</span> <span class='ocrx_word' id='word_1_167' title='bbox 858 1207 930 1247; x_wconf 90' lang='lat' dir='ltr'>Sed</span> <span class='ocrx_word' id='word_1_168' title='bbox 943 1219 1032 1247; x_wconf 87' lang='lat' dir='ltr'>cum</span> <span class='ocrx_word' id='word_1_169' title='bbox 1044 1207 1179 1246; x_wconf 84' lang='lat' dir='ltr'>nostro</span> <span class='ocrx_word' id='word_1_170' title='bbox 1188 1206 1397 1259; x_wconf 71' lang='grc' dir='ltr'>’γυναικεῖοι</span> <span class='ocrx_word' id='word_1_171' title='bbox 1409 1206 1558 1246; x_wconf 58' lang='grc' dir='ltr'><em>σύνοέοι</em></span> <span class='ocrx_word' id='word_1_172' title='bbox 1571 1208 1685 1248; x_wconf 84' lang='lat' dir='ltr'>etiam</span> 
     </span>
     <span class='ocr_line' id='line_1_20' title="bbox 413 1260 1683 1313; baseline 0.002 -13"><span class='ocrx_word' id='word_1_173' title='bbox 413 1263 604 1301; x_wconf 89' lang='lat' dir='ltr'>convenit</span> <span class='ocrx_word' id='word_1_174' title='bbox 627 1261 764 1301; x_wconf 87' lang='lat' dir='ltr'>Suidae</span> <span class='ocrx_word' id='word_1_175' title='bbox 788 1261 904 1309; x_wconf 89' lang='lat' dir='ltr'>illud,</span> <span class='ocrx_word' id='word_1_176' title='bbox 929 1260 1190 1300; x_wconf 61' lang='lat' dir='ltr'>omvsa‘saoc</span> <span class='ocrx_word' id='word_1_177' title='bbox 1204 1261 1351 1313; x_wconf 60' lang='grc' dir='ltr'>γραφὴ,</span> <span class='ocrx_word' id='word_1_178' title='bbox 1383 1260 1490 1312; x_wconf 89' lang='lat' dir='ltr'>quod</span> <span class='ocrx_word' id='word_1_179' title='bbox 1505 1260 1619 1301; x_wconf 87' lang='lat' dir='ltr'>babet</span> <span class='ocrx_word' id='word_1_180' title='bbox 1643 1275 1683 1302; x_wconf 88' lang='lat' dir='ltr'>v.</span> 
     </span>
     <span class='ocr_line' id='line_1_21' title="bbox 413 1313 1687 1367; baseline 0.002 -14"><span class='ocrx_word' id='word_1_181' title='bbox 413 1319 514 1354; x_wconf 80' lang='grc' dir='ltr'>ΘΟὙ</span> <span class='ocrx_word' id='word_1_182' title='bbox 516 1320 558 1354; x_wconf 87' lang='grc' dir='ltr'>Κ.</span> <span class='ocrx_word' id='word_1_183' title='bbox 582 1315 665 1354; x_wconf 92' lang='lat' dir='ltr'>Nec</span> <span class='ocrx_word' id='word_1_184' title='bbox 688 1327 766 1354; x_wconf 90' lang='lat' dir='ltr'>non</span> <span class='ocrx_word' id='word_1_185' title='bbox 795 1315 927 1366; x_wconf 82' lang='lat' dir='ltr'>Eurip.</span> <span class='ocrx_word' id='word_1_186' title='bbox 949 1314 1102 1354; x_wconf 86' lang='lat' dir='ltr'>Hecub.</span> <span class='ocrx_word' id='word_1_187' title='bbox 1124 1327 1163 1351; x_wconf 93' lang='lat' dir='ltr'>v.</span> <span class='ocrx_word' id='word_1_188' title='bbox 1181 1326 1268 1365; x_wconf 83' lang='lat'>591,</span> <span class='ocrx_word' id='word_1_189' title='bbox 1287 1336 1332 1343; x_wconf 93' lang='grc'>-</span> <span class='ocrx_word' id='word_1_190' title='bbox 1363 1313 1608 1367; x_wconf 53' lang='lat' dir='ltr'>&amp;wama</span> <span class='ocrx_word' id='word_1_191' title='bbox 1620 1330 1687 1366; x_wconf 81' lang='grc' dir='ltr'>μοι</span> 
     </span>
     <span class='ocr_line' id='line_1_22' title="bbox 411 1366 1685 1421; baseline 0.002 -14"><span class='ocrx_word' id='word_1_192' title='bbox 411 1373 439 1407; x_wconf 85' lang='grc' dir='ltr'><strong>Γ</strong></span> <span class='ocrx_word' id='word_1_193' title='bbox 442 1368 586 1407; x_wconf 71' lang='grc' dir='ltr'><em>ενναῖος.</em></span> <span class='ocrx_word' id='word_1_194' title='bbox 614 1367 747 1420; x_wconf 88' lang='lat' dir='ltr'>Quem</span> <span class='ocrx_word' id='word_1_195' title='bbox 760 1369 886 1408; x_wconf 86' lang='lat' dir='ltr'>laudat</span> <span class='ocrx_word' id='word_1_196' title='bbox 898 1368 1024 1420; x_wconf 84' lang='lat' dir='ltr'>Bergl.</span> <span class='ocrx_word' id='word_1_197' title='bbox 1037 1368 1083 1406; x_wconf 90' lang='lat' dir='ltr'>ad</span> <span class='ocrx_word' id='word_1_198' title='bbox 1096 1366 1332 1419; x_wconf 74' lang='lat' dir='ltr'>Alciphr.·111</span> <span class='ocrx_word' id='word_1_199' title='bbox 1343 1397 1356 1412; x_wconf 93' lang='lat'>,</span> <span class='ocrx_word' id='word_1_200' title='bbox 1372 1367 1441 1419; x_wconf 83' lang='lat' dir='ltr'>Ep.</span> <span class='ocrx_word' id='word_1_201' title='bbox 1457 1381 1521 1420; x_wconf 88' lang='lat'>23,</span> <span class='ocrx_word' id='word_1_202' title='bbox 1544 1382 1579 1421; x_wconf 90' lang='lat' dir='ltr'>p.</span> <span class='ocrx_word' id='word_1_203' title='bbox 1595 1368 1685 1421; x_wconf 84' lang='lat'>328.</span> 
     </span>
     <span class='ocr_line' id='line_1_23' title="bbox 412 1420 1687 1475; baseline 0.002 -15"><span class='ocrx_word' id='word_1_204' title='bbox 412 1421 456 1460; x_wconf 88' lang='lat' dir='ltr'>In</span> <span class='ocrx_word' id='word_1_205' title='bbox 472 1435 553 1473; x_wconf 87' lang='lat' dir='ltr'>quo</span> <span class='ocrx_word' id='word_1_206' title='bbox 566 1422 699 1471; x_wconf 71' lang='grc' dir='ltr'><em>ἀμοιβὴ</em></span> <span class='ocrx_word' id='word_1_207' title='bbox 713 1421 857 1462; x_wconf 58' lang='grc' dir='ltr'>Σίκκιος</span> <span class='ocrx_word' id='word_1_208' title='bbox 869 1422 1022 1475; x_wconf 71' lang='lat' dir='ltr'>legitur,</span> <span class='ocrx_word' id='word_1_209' title='bbox 1042 1422 1148 1473; x_wconf 89' lang='lat' dir='ltr'>quod</span> <span class='ocrx_word' id='word_1_210' title='bbox 1166 1431 1293 1459; x_wconf 88' lang='lat' dir='ltr'>tamen</span> <span class='ocrx_word' id='word_1_211' title='bbox 1309 1420 1453 1460; x_wconf 62' lang='lat' dir='ltr'>doetiff.</span> <span class='ocrx_word' id='word_1_212' title='bbox 1470 1422 1606 1461; x_wconf 88' lang='lat' dir='ltr'>editori</span> <span class='ocrx_word' id='word_1_213' title='bbox 1626 1421 1687 1463; x_wconf 89' lang='lat' dir='ltr'>su-</span> 
     </span>
     <span class='ocr_line' id='line_1_24' title="bbox 412 1473 1688 1528; baseline 0.002 -14"><span class='ocrx_word' id='word_1_214' title='bbox 412 1475 597 1528; x_wconf 60' lang='lat' dir='ltr'>speetum.</span> <span class='ocrx_word' id='word_1_215' title='bbox 619 1475 690 1515; x_wconf 86' lang='lat' dir='ltr'>Sed</span> <span class='ocrx_word' id='word_1_216' title='bbox 707 1475 745 1514; x_wconf 73' lang='grc' dir='ltr'>δι</span> <span class='ocrx_word' id='word_1_217' title='bbox 761 1475 918 1515; x_wconf 87' lang='lat' dir='ltr'>viciffim</span> <span class='ocrx_word' id='word_1_218' title='bbox 933 1476 1117 1528; x_wconf 85' lang='lat' dir='ltr'>quaedam</span> <span class='ocrx_word' id='word_1_219' title='bbox 1134 1475 1232 1514; x_wconf 86' lang='lat' dir='ltr'>novi</span> <span class='ocrx_word' id='word_1_220' title='bbox 1250 1473 1432 1513; x_wconf 78' lang='lat' dir='ltr'>feminina</span> <span class='ocrx_word' id='word_1_221' title='bbox 1447 1476 1688 1517; x_wconf 68' lang='lat' dir='ltr'>ter-minatio·</span> 
     </span>
     <span class='ocr_line' id='line_1_25' title="bbox 414 1527 1686 1583; baseline 0 -14"><span class='ocrx_word' id='word_1_222' title='bbox 414 1542 464 1569; x_wconf 86' lang='lat' dir='ltr'>ne</span> <span class='ocrx_word' id='word_1_223' title='bbox 474 1529 639 1582; x_wconf 85' lang='lat' dir='ltr'>prolata,</span> <span class='ocrx_word' id='word_1_224' title='bbox 650 1542 750 1582; x_wconf 89' lang='lat' dir='ltr'>quae</span> <span class='ocrx_word' id='word_1_225' title='bbox 763 1530 853 1569; x_wconf 87' lang='lat' dir='ltr'>alias</span> <span class='ocrx_word' id='word_1_226' title='bbox 869 1529 947 1568; x_wconf 90' lang='lat' dir='ltr'>fere</span> <span class='ocrx_word' id='word_1_227' title='bbox 960 1529 1102 1581; x_wconf 88' lang='lat' dir='ltr'>ubique</span> <span class='ocrx_word' id='word_1_228' title='bbox 1116 1527 1202 1567; x_wconf 90' lang='lat' dir='ltr'>sunt</span> <span class='ocrx_word' id='word_1_229' title='bbox 1213 1528 1452 1575; x_wconf 87' lang='lat' dir='ltr'>comm-unia,</span> <span class='ocrx_word' id='word_1_230' title='bbox 1465 1539 1509 1567; x_wconf 92' lang='lat' dir='ltr'>ut</span> <span class='ocrx_word' id='word_1_231' title='bbox 1521 1541 1686 1583; x_wconf 86' lang='lat' dir='ltr'>compo-</span> 
     </span>
     <span class='ocr_line' id='line_1_26' title="bbox 413 1581 1686 1635; baseline 0.002 -13"><span class='ocrx_word' id='word_1_232' title='bbox 413 1583 483 1622; x_wconf 79' lang='lat' dir='ltr'>sita</span> <span class='ocrx_word' id='word_1_233' title='bbox 495 1595 583 1622; x_wconf 90' lang='lat' dir='ltr'>cum</span> <span class='ocrx_word' id='word_1_234' title='bbox 596 1599 620 1622; x_wconf 77' lang='grc' dir='ltr'>α</span> <span class='ocrx_word' id='word_1_235' title='bbox 635 1583 843 1635; x_wconf 85' lang='lat' dir='ltr'>privativo.</span> <span class='ocrx_word' id='word_1_236' title='bbox 861 1584 982 1623; x_wconf 90' lang='lat' dir='ltr'>Hom.</span> <span class='ocrx_word' id='word_1_237' title='bbox 998 1582 1042 1622; x_wconf 89' lang='lat'>11.</span> <span class='ocrx_word' id='word_1_238' title='bbox 1053 1586 1098 1628; x_wconf 90' lang='lat' dir='ltr'>A,</span> <span class='ocrx_word' id='word_1_239' title='bbox 1113 1581 1178 1634; x_wconf 91' lang='lat'>98,</span> <span class='ocrx_word' id='word_1_240' title='bbox 1200 1582 1400 1634; x_wconf 64' lang='grc' dir='ltr'><strong><em>ἀπριάτην.</em></strong></span> <span class='ocrx_word' id='word_1_241' title='bbox 1423 1581 1549 1634; x_wconf 88' lang='lat' dir='ltr'>Quod</span> <span class='ocrx_word' id='word_1_242' title='bbox 1563 1584 1686 1624; x_wconf 85' lang='lat' dir='ltr'>inter-</span> 
     </span>
     <span class='ocr_line' id='line_1_27' title="bbox 411 1634 1683 1690; baseline 0.003 -16"><span class='ocrx_word' id='word_1_243' title='bbox 411 1648 539 1690; x_wconf 88' lang='lat' dir='ltr'>pretes</span> <span class='ocrx_word' id='word_1_244' title='bbox 554 1636 688 1676; x_wconf 83' lang='lat' dir='ltr'>frustra</span> <span class='ocrx_word' id='word_1_245' title='bbox 701 1650 773 1690; x_wconf 89' lang='lat' dir='ltr'>pro</span> <span class='ocrx_word' id='word_1_246' title='bbox 789 1637 877 1677; x_wconf 87' lang='lat' dir='ltr'>adv.</span> <span class='ocrx_word' id='word_1_247' title='bbox 893 1637 1033 1676; x_wconf 84' lang='lat' dir='ltr'>habere</span> <span class='ocrx_word' id='word_1_248' title='bbox 1041 1636 1175 1681; x_wconf 86' lang='lat' dir='ltr'>credo,</span> <span class='ocrx_word' id='word_1_249' title='bbox 1188 1636 1279 1688; x_wconf 86' lang='lat' dir='ltr'>quia</span> <span class='ocrx_word' id='word_1_250' title='bbox 1294 1637 1334 1676; x_wconf 80' lang='grc' dir='ltr'>δι</span> <span class='ocrx_word' id='word_1_251' title='bbox 1347 1634 1398 1675; x_wconf 78' lang='lat' dir='ltr'>slc</span> <span class='ocrx_word' id='word_1_252' title='bbox 1412 1636 1482 1675; x_wconf 82' lang='lat' dir='ltr'>alia</span> <span class='ocrx_word' id='word_1_253' title='bbox 1495 1636 1683 1678; x_wconf 61' lang='lat' dir='ltr'>adieetive</span> 
     </span>
     <span class='ocr_line' id='line_1_28' title="bbox 410 1688 1681 1742; baseline 0.003 -13"><span class='ocrx_word' id='word_1_254' title='bbox 410 1689 537 1737; x_wconf 84' lang='lat' dir='ltr'>effert,</span> <span class='ocrx_word' id='word_1_255' title='bbox 555 1702 595 1730; x_wconf 87' lang='lat' dir='ltr'>ut</span> <span class='ocrx_word' id='word_1_256' title='bbox 612 1691 651 1729; x_wconf 90' lang='lat'>11.</span> <span class='ocrx_word' id='word_1_257' title='bbox 667 1695 708 1738; x_wconf 85' lang='lat' dir='ltr'>H,</span> <span class='ocrx_word' id='word_1_258' title='bbox 720 1691 912 1741; x_wconf 68' lang='grc' dir='ltr'>ἀμφιλύκη</span> <span class='ocrx_word' id='word_1_259' title='bbox 933 1690 1014 1742; x_wconf 75' lang='grc' dir='ltr'>νύξ.</span> <span class='ocrx_word' id='word_1_260' title='bbox 1034 1690 1079 1730; x_wconf 88' lang='lat' dir='ltr'>Et</span> <span class='ocrx_word' id='word_1_261' title='bbox 1093 1694 1130 1737; x_wconf 91' lang='lat' dir='ltr'>B,</span> <span class='ocrx_word' id='word_1_262' title='bbox 1153 1688 1243 1742; x_wconf 84' lang='lat'><em>389,</em></span> <span class='ocrx_word' id='word_1_263' title='bbox 1257 1688 1402 1742; x_wconf 83' lang='lat' dir='ltr'><strong>A.489,</strong></span> <span class='ocrx_word' id='word_1_264' title='bbox 1414 1693 1456 1738; x_wconf 86' lang='lat' dir='ltr'>K,</span> <span class='ocrx_word' id='word_1_265' title='bbox 1469 1702 1562 1739; x_wconf 83' lang='lat'>404,</span> <span class='ocrx_word' id='word_1_266' title='bbox 1578 1690 1681 1732; x_wconf 66' lang='lat' dir='ltr'>&#39;Aeac-</span> 
     </span>
     <span class='ocr_line' id='line_1_29' title="bbox 411 1743 1626 1796; baseline 0 -12"><span class='ocrx_word' id='word_1_267' title='bbox 411 1743 504 1784; x_wconf 72' lang='grc' dir='ltr'>νάτη</span> <span class='ocrx_word' id='word_1_268' title='bbox 512 1743 645 1796; x_wconf 69' lang='grc' dir='ltr'>μήτηρ.</span> <span class='ocrx_word' id='word_1_269' title='bbox 659 1745 718 1783; x_wconf 88' lang='lat' dir='ltr'>Ne</span> <span class='ocrx_word' id='word_1_270' title='bbox 733 1743 889 1784; x_wconf 60' lang='lat' dir='ltr'>credas&amp;</span> <span class='ocrx_word' id='word_1_271' title='bbox 906 1744 970 1783; x_wconf 67' lang='grc' dir='ltr'>καὶ</span> <span class='ocrx_word' id='word_1_272' title='bbox 987 1743 1006 1785; x_wconf 75' lang='grc' dir='ltr'>ἣ</span> <span class='ocrx_word' id='word_1_273' title='bbox 1023 1743 1207 1783; x_wconf 64' lang='grc' dir='ltr'>ἀθάνατος</span> <span class='ocrx_word' id='word_1_274' title='bbox 1219 1754 1457 1796; x_wconf 88' lang='lat' dir='ltr'>perpetuum.</span> <span class='ocrx_word' id='word_1_275' title='bbox 1477 1743 1626 1784; x_wconf 73' lang='lat' dir='ltr'>Rnrz.</span> 
     </span>
    </p>

    <p class='ocr_par' dir='ltr' id='par_1_4' title="bbox 408 1795 1684 1957">
     <span class='ocr_line' id='line_1_30' title="bbox 463 1795 1684 1851; baseline 0.002 -14"><span class='ocrx_word' id='word_1_276' title='bbox 463 1800 536 1837; x_wconf 86' lang='lat' dir='ltr'>ead.</span> <span class='ocrx_word' id='word_1_277' title='bbox 560 1799 583 1837; x_wconf 87' lang='lat' dir='ltr'><em>L</em></span> <span class='ocrx_word' id='word_1_278' title='bbox 600 1812 660 1846; x_wconf 90' lang='lat'>14.</span> <span class='ocrx_word' id='word_1_279' title='bbox 681 1797 770 1850; x_wconf 81' lang='lat' dir='ltr'>Tou)</span> <span class='ocrx_word' id='word_1_280' title='bbox 795 1797 975 1837; x_wconf 88' lang='lat' dir='ltr'>Enclitice</span> <span class='ocrx_word' id='word_1_281' title='bbox 991 1797 1050 1836; x_wconf 89' lang='lat' dir='ltr'>vel</span> <span class='ocrx_word' id='word_1_282' title='bbox 1061 1797 1195 1850; x_wconf 87' lang='lat' dir='ltr'>potius</span> <span class='ocrx_word' id='word_1_283' title='bbox 1206 1797 1346 1836; x_wconf 70' lang='grc' dir='ltr'><em>ἀτὸνως</em></span> <span class='ocrx_word' id='word_1_284' title='bbox 1359 1795 1524 1849; x_wconf 75' lang='lat' dir='ltr'>positum</span> <span class='ocrx_word' id='word_1_285' title='bbox 1538 1811 1610 1851; x_wconf 87' lang='lat' dir='ltr'>pro</span> <span class='ocrx_word' id='word_1_286' title='bbox 1620 1803 1684 1839; x_wconf 65' lang='grc' dir='ltr'>τιὲ</span> 
     </span>
     <span class='ocr_line' id='line_1_31' title="bbox 410 1849 1680 1906; baseline 0.003 -15"><span class='ocrx_word' id='word_1_287' title='bbox 410 1854 483 1897; x_wconf 58' lang='grc' dir='ltr'>νος,</span> <span class='ocrx_word' id='word_1_288' title='bbox 499 1851 576 1890; x_wconf 84' lang='lat' dir='ltr'>vid.</span> <span class='ocrx_word' id='word_1_289' title='bbox 595 1851 727 1903; x_wconf 85' lang='lat' dir='ltr'>supra,</span> <span class='ocrx_word' id='word_1_290' title='bbox 745 1851 790 1891; x_wconf 89' lang='lat' dir='ltr'>ad</span> <span class='ocrx_word' id='word_1_291' title='bbox 803 1851 958 1891; x_wconf 84' lang='lat' dir='ltr'>Lucian.</span> <span class='ocrx_word' id='word_1_292' title='bbox 975 1851 1102 1891; x_wconf 85' lang='lat' dir='ltr'>Prom.</span> <span class='ocrx_word' id='word_1_293' title='bbox 1118 1849 1133 1899; x_wconf 83' lang='lat'>§</span> <span class='ocrx_word' id='word_1_294' title='bbox 1147 1864 1184 1900; x_wconf 89' lang='lat'>7.</span> <span class='ocrx_word' id='word_1_295' title='bbox 1209 1849 1327 1890; x_wconf 83' lang='lat' dir='ltr'>Gesn.</span> <span class='ocrx_word' id='word_1_296' title='bbox 1340 1850 1385 1890; x_wconf 87' lang='lat' dir='ltr'>ad</span> <span class='ocrx_word' id='word_1_297' title='bbox 1402 1850 1601 1902; x_wconf 87' lang='lat' dir='ltr'>Quom.c.</span> <span class='ocrx_word' id='word_1_298' title='bbox 1619 1864 1680 1906; x_wconf 82' lang='lat'>51.</span> 
     </span>
     <span class='ocr_line' id='line_1_32' title="bbox 408 1903 1533 1957; baseline -0.001 -12"><span class='ocrx_word' id='word_1_299' title='bbox 408 1905 478 1945; x_wconf 90' lang='lat' dir='ltr'>Me</span> <span class='ocrx_word' id='word_1_300' title='bbox 491 1906 535 1945; x_wconf 86' lang='lat' dir='ltr'>ad</span> <span class='ocrx_word' id='word_1_301' title='bbox 550 1905 700 1957; x_wconf 86' lang='lat' dir='ltr'>Tyran.</span> <span class='ocrx_word' id='word_1_302' title='bbox 722 1918 754 1945; x_wconf 85' lang='lat' dir='ltr'>c.</span> <span class='ocrx_word' id='word_1_303' title='bbox 776 1919 790 1943; x_wconf 87' lang='lat'>1</span> <span class='ocrx_word' id='word_1_304' title='bbox 803 1920 834 1944; x_wconf 92' lang='lat'>1.</span> <span class='ocrx_word' id='word_1_305' title='bbox 848 1905 958 1944; x_wconf 86' lang='lat' dir='ltr'>Adde</span> <span class='ocrx_word' id='word_1_306' title='bbox 971 1905 1179 1944; x_wconf 81' lang='lat' dir='ltr'>Herodian.</span> <span class='ocrx_word' id='word_1_307' title='bbox 1198 1918 1237 1950; x_wconf 89' lang='lat'>2,</span> <span class='ocrx_word' id='word_1_308' title='bbox 1252 1919 1289 1956; x_wconf 84' lang='lat'>3,</span> <span class='ocrx_word' id='word_1_309' title='bbox 1312 1917 1370 1943; x_wconf 85' lang='lat'>12.</span> <span class='ocrx_word' id='word_1_310' title='bbox 1385 1903 1533 1944; x_wconf 69' lang='lat' dir='ltr'>Rzlrz.</span> 
     </span>
    </p>

    <p class='ocr_par' dir='ltr' id='par_1_5' title="bbox 407 1955 1681 2173">
     <span class='ocr_line' id='line_1_33' title="bbox 465 1955 1679 2011; baseline 0.001 -13"><span class='ocrx_word' id='word_1_311' title='bbox 465 1961 539 1998; x_wconf 73' lang='lat' dir='ltr'>ead.</span> <span class='ocrx_word' id='word_1_312' title='bbox 552 1960 576 1998; x_wconf 82' lang='lat' dir='ltr'>l.</span> <span class='ocrx_word' id='word_1_313' title='bbox 595 1960 652 1999; x_wconf 88' lang='lat'>16.</span> <span class='ocrx_word' id='word_1_314' title='bbox 669 1955 747 1998; x_wconf 74' lang='grc' dir='ltr'>Οὐκ</span> <span class='ocrx_word' id='word_1_315' title='bbox 760 1959 803 1999; x_wconf 73' lang='grc' dir='ltr'>ἂν</span> <span class='ocrx_word' id='word_1_316' title='bbox 817 1959 879 1998; x_wconf 72' lang='grc' dir='ltr'>ἐπὶ</span> <span class='ocrx_word' id='word_1_317' title='bbox 894 1957 1061 2011; x_wconf 54' lang='grc' dir='ltr'>παίδων)</span> <span class='ocrx_word' id='word_1_318' title='bbox 1084 1957 1209 1997; x_wconf 83' lang='lat' dir='ltr'>Potest</span> <span class='ocrx_word' id='word_1_319' title='bbox 1231 1959 1281 1997; x_wconf 84' lang='lat' dir='ltr'>ita</span> <span class='ocrx_word' id='word_1_320' title='bbox 1298 1957 1434 1998; x_wconf 79' lang='lat' dir='ltr'>dediffe</span> <span class='ocrx_word' id='word_1_321' title='bbox 1450 1957 1606 1999; x_wconf 51' lang='lat' dir='ltr'>audior:</span> <span class='ocrx_word' id='word_1_322' title='bbox 1628 1958 1679 1999; x_wconf 84' lang='lat' dir='ltr'>ita</span> 
     </span>
     <span class='ocr_line' id='line_1_34' title="bbox 407 2011 1681 2066; baseline 0.001 -14"><span class='ocrx_word' id='word_1_323' title='bbox 407 2013 522 2053; x_wconf 79' lang='lat' dir='ltr'>etiam</span> <span class='ocrx_word' id='word_1_324' title='bbox 543 2013 778 2065; x_wconf 84' lang='lat' dir='ltr'>interpretati</span> <span class='ocrx_word' id='word_1_325' title='bbox 792 2012 932 2052; x_wconf 85' lang='lat' dir='ltr'>sumus.</span> <span class='ocrx_word' id='word_1_326' title='bbox 950 2011 1022 2051; x_wconf 88' lang='lat' dir='ltr'>Sed</span> <span class='ocrx_word' id='word_1_327' title='bbox 1040 2012 1192 2052; x_wconf 83' lang='lat' dir='ltr'>videtur</span> <span class='ocrx_word' id='word_1_328' title='bbox 1205 2022 1329 2051; x_wconf 88' lang='lat' dir='ltr'>tamen</span> <span class='ocrx_word' id='word_1_329' title='bbox 1342 2013 1462 2065; x_wconf 83' lang='lat' dir='ltr'>magis</span> <span class='ocrx_word' id='word_1_330' title='bbox 1478 2012 1589 2066; x_wconf 83' lang='lat' dir='ltr'>digna</span> <span class='ocrx_word' id='word_1_331' title='bbox 1600 2013 1681 2053; x_wconf 89' lang='lat' dir='ltr'>Lu·</span> 
     </span>
     <span class='ocr_line' id='line_1_35' title="bbox 407 2064 1679 2119; baseline 0 -14"><span class='ocrx_word' id='word_1_332' title='bbox 407 2067 544 2114; x_wconf 89' lang='lat' dir='ltr'>ciano,</span> <span class='ocrx_word' id='word_1_333' title='bbox 559 2067 623 2106; x_wconf 91' lang='lat' dir='ltr'>vel</span> <span class='ocrx_word' id='word_1_334' title='bbox 637 2065 806 2119; x_wconf 89' lang='lat' dir='ltr'>quisquis</span> <span class='ocrx_word' id='word_1_335' title='bbox 819 2066 955 2106; x_wconf 58' lang='lat' dir='ltr'>auctor</span> <span class='ocrx_word' id='word_1_336' title='bbox 965 2065 1040 2113; x_wconf 88' lang='lat' dir='ltr'>est,</span> <span class='ocrx_word' id='word_1_337' title='bbox 1056 2064 1254 2111; x_wconf 65' lang='lat' dir='ltr'>iunaura,</span> <span class='ocrx_word' id='word_1_338' title='bbox 1278 2064 1306 2103; x_wconf 81' lang='lat' dir='ltr'>sl</span> <span class='ocrx_word' id='word_1_339' title='bbox 1321 2065 1491 2119; x_wconf 85' lang='lat' dir='ltr'>legamus</span> <span class='ocrx_word' id='word_1_340' title='bbox 1508 2079 1580 2119; x_wconf 87' lang='lat' dir='ltr'>pro</span> <span class='ocrx_word' id='word_1_341' title='bbox 1597 2064 1679 2117; x_wconf 76' lang='grc' dir='ltr'>οῦκ,</span> 
     </span>
     <span class='ocr_line' id='line_1_36' title="bbox 407 2118 1680 2173; baseline 0.002 -14"><span class='ocrx_word' id='word_1_342' title='bbox 407 2118 470 2170; x_wconf 74' lang='grc' dir='ltr'>ὥς,</span> <span class='ocrx_word' id='word_1_343' title='bbox 484 2135 578 2159; x_wconf 82' lang='lat' dir='ltr'>nemo</span> <span class='ocrx_word' id='word_1_344' title='bbox 594 2121 644 2158; x_wconf 82' lang='lat' dir='ltr'>ita</span> <span class='ocrx_word' id='word_1_345' title='bbox 656 2121 820 2172; x_wconf 74' lang='lat' dir='ltr'>insaniat,</span> <span class='ocrx_word' id='word_1_346' title='bbox 838 2132 889 2167; x_wconf 85' lang='lat' dir='ltr'>ut,</span> <span class='ocrx_word' id='word_1_347' title='bbox 902 2121 937 2158; x_wconf 85' lang='lat' dir='ltr'>in</span> <span class='ocrx_word' id='word_1_348' title='bbox 948 2120 1062 2173; x_wconf 81' lang='lat' dir='ltr'>pueris</span> <span class='ocrx_word' id='word_1_349' title='bbox 1073 2120 1124 2158; x_wconf 82' lang='lat' dir='ltr'>ita</span> <span class='ocrx_word' id='word_1_350' title='bbox 1133 2118 1168 2158; x_wconf 90' lang='lat' dir='ltr'>se</span> <span class='ocrx_word' id='word_1_351' title='bbox 1181 2132 1261 2159; x_wconf 85' lang='lat' dir='ltr'>rem</span> <span class='ocrx_word' id='word_1_352' title='bbox 1271 2118 1423 2168; x_wconf 84' lang='lat' dir='ltr'>habere,</span> <span class='ocrx_word' id='word_1_353' title='bbox 1434 2119 1538 2159; x_wconf 78' lang='lat' dir='ltr'>dicat.</span> <span class='ocrx_word' id='word_1_354' title='bbox 1547 2119 1680 2162; x_wconf 79' lang='lat' dir='ltr'>GESN.</span> 
     </span>
    </p>

    <p class='ocr_par' dir='ltr' id='par_1_6' title="bbox 408 2170 1680 2270">
     <span class='ocr_line' id='line_1_37' title="bbox 461 2170 1680 2227; baseline 0.003 -16"><span class='ocrx_word' id='word_1_355' title='bbox 461 2174 551 2227; x_wconf 82' lang='lat' dir='ltr'><em>Pag.</em></span> <span class='ocrx_word' id='word_1_356' title='bbox 570 2173 657 2226; x_wconf 91' lang='lat'>289.</span> <span class='ocrx_word' id='word_1_357' title='bbox 683 2175 707 2213; x_wconf 88' lang='lat' dir='ltr'>l.</span> <span class='ocrx_word' id='word_1_358' title='bbox 728 2187 741 2212; x_wconf 89' lang='lat'>1</span> <span class='ocrx_word' id='word_1_359' title='bbox 755 2188 784 2214; x_wconf 87' lang='lat'>1.</span> <span class='ocrx_word' id='word_1_360' title='bbox 810 2176 903 2227; x_wconf 67' lang='grc' dir='ltr'>Πρὸς</span> <span class='ocrx_word' id='word_1_361' title='bbox 917 2170 1129 2226; x_wconf 73' lang='grc' dir='ltr'>ἀλλήλους)</span> <span class='ocrx_word' id='word_1_362' title='bbox 1154 2173 1193 2213; x_wconf 85' lang='lat' dir='ltr'>Si</span> <span class='ocrx_word' id='word_1_363' title='bbox 1207 2172 1251 2213; x_wconf 57' lang='grc' dir='ltr'>δ’*ὲ</span> <span class='ocrx_word' id='word_1_364' title='bbox 1267 2173 1451 2223; x_wconf 85' lang='lat' dir='ltr'>deleatur,</span> <span class='ocrx_word' id='word_1_365' title='bbox 1468 2172 1552 2214; x_wconf 85' lang='lat' dir='ltr'>satis</span> <span class='ocrx_word' id='word_1_366' title='bbox 1565 2187 1680 2220; x_wconf 56' lang='lat' dir='ltr'>comq</span> 
     </span>
     <span class='ocr_line' id='line_1_38' title="bbox 408 2227 1083 2270; baseline -0.004 0"><span class='ocrx_word' id='word_1_367' title='bbox 408 2228 523 2270; x_wconf 86' lang='lat' dir='ltr'>mode</span> <span class='ocrx_word' id='word_1_368' title='bbox 541 2229 677 2268; x_wconf 89' lang='lat' dir='ltr'>omnia</span> <span class='ocrx_word' id='word_1_369' title='bbox 699 2227 904 2267; x_wconf 88' lang='lat' dir='ltr'>habebunt.</span> <span class='ocrx_word' id='word_1_370' title='bbox 926 2228 1083 2267; x_wconf 76' lang='lat' dir='ltr'>SOLAN.</span> 
     </span>
    </p>

    <p class='ocr_par' dir='ltr' id='par_1_7' title="bbox 404 2280 1678 2550">
     <span class='ocr_line' id='line_1_39' title="bbox 459 2280 1678 2333; baseline 0.001 -12"><span class='ocrx_word' id='word_1_371' title='bbox 459 2282 540 2321; x_wconf 81' lang='lat' dir='ltr'>ibid.</span> <span class='ocrx_word' id='word_1_372' title='bbox 552 2281 927 2332; x_wconf 65' lang='grc' dir='ltr'>Ἀποτειχισ-ώμεθκ)</span> <span class='ocrx_word' id='word_1_373' title='bbox 948 2281 977 2320; x_wconf 90' lang='grc' dir='ltr'>Ι.</span> <span class='ocrx_word' id='word_1_374' title='bbox 991 2295 1024 2321; x_wconf 90' lang='lat' dir='ltr'>e.</span> <span class='ocrx_word' id='word_1_375' title='bbox 1046 2281 1160 2321; x_wconf 75' lang='grc' dir='ltr'><em>ἱηταὲἶὶ</em></span> <span class='ocrx_word' id='word_1_376' title='bbox 1163 2283 1284 2333; x_wconf 84' lang='lat' dir='ltr'>fimus.</span> <span class='ocrx_word' id='word_1_377' title='bbox 1300 2280 1468 2322; x_wconf 77' lang='lat' dir='ltr'><strong>GUYET.</strong></span> <span class='ocrx_word' id='word_1_378' title='bbox 1481 2280 1678 2322; x_wconf 81' lang='lat' dir='ltr'>Gesnerus</span> 
     </span>
     <span class='ocr_line' id='line_1_40' title="bbox 406 2334 1676 2389; baseline 0 -14"><span class='ocrx_word' id='word_1_379' title='bbox 406 2335 527 2375; x_wconf 80' lang='lat' dir='ltr'>vertit</span> <span class='ocrx_word' id='word_1_380' title='bbox 538 2365 551 2381; x_wconf 91' lang='lat'>‚</span> <span class='ocrx_word' id='word_1_381' title='bbox 564 2351 587 2373; x_wconf 87' lang='lat' dir='ltr'><em>a</em></span> <span class='ocrx_word' id='word_1_382' title='bbox 599 2336 695 2374; x_wconf 81' lang='lat' dir='ltr'>nobis</span> <span class='ocrx_word' id='word_1_383' title='bbox 708 2336 847 2375; x_wconf 79' lang='lat' dir='ltr'>invicem</span> <span class='ocrx_word' id='word_1_384' title='bbox 858 2366 870 2383; x_wconf 94' lang='lat'><strong>‚</strong></span> <span class='ocrx_word' id='word_1_385' title='bbox 890 2336 986 2388; x_wconf 74' lang='lat' dir='ltr'>quafi</span> <span class='ocrx_word' id='word_1_386' title='bbox 999 2336 1162 2375; x_wconf 71' lang='lat' dir='ltr'>interieHo</span> <span class='ocrx_word' id='word_1_387' title='bbox 1180 2337 1325 2387; x_wconf 78' lang='lat' dir='ltr'>pariete,</span> <span class='ocrx_word' id='word_1_388' title='bbox 1343 2337 1578 2389; x_wconf 83' lang='lat' dir='ltr'>abstineamus.</span> <span class='ocrx_word' id='word_1_389' title='bbox 1600 2334 1676 2375; x_wconf 83' lang='lat' dir='ltr'>Sed</span> 
     </span>
     <span class='ocr_line' id='line_1_41' title="bbox 406 2387 1677 2441; baseline 0.001 -13"><span class='ocrx_word' id='word_1_390' title='bbox 406 2401 486 2428; x_wconf 90' lang='lat' dir='ltr'>non</span> <span class='ocrx_word' id='word_1_391' title='bbox 503 2390 578 2428; x_wconf 89' lang='lat' dir='ltr'>hoc</span> <span class='ocrx_word' id='word_1_392' title='bbox 591 2389 691 2428; x_wconf 84' lang='lat' dir='ltr'>velle</span> <span class='ocrx_word' id='word_1_393' title='bbox 704 2402 802 2441; x_wconf 91' lang='lat' dir='ltr'>puto</span> <span class='ocrx_word' id='word_1_394' title='bbox 817 2390 1028 2429; x_wconf 88' lang='lat' dir='ltr'>Lucianum</span> <span class='ocrx_word' id='word_1_395' title='bbox 1040 2405 1053 2438; x_wconf 79' lang='lat'>3</span> <span class='ocrx_word' id='word_1_396' title='bbox 1069 2389 1128 2429; x_wconf 92' lang='lat' dir='ltr'>sed</span> <span class='ocrx_word' id='word_1_397' title='bbox 1141 2389 1207 2428; x_wconf 84' lang='lat' dir='ltr'>fibi</span> <span class='ocrx_word' id='word_1_398' title='bbox 1218 2389 1366 2429; x_wconf 87' lang='lat' dir='ltr'>sumere</span> <span class='ocrx_word' id='word_1_399' title='bbox 1378 2388 1597 2429; x_wconf 87' lang='lat' dir='ltr'>Chariclem</span> <span class='ocrx_word' id='word_1_400' title='bbox 1610 2387 1677 2429; x_wconf 67' lang='grc' dir='ltr'>τὴν</span> 
     </span>
     <span class='ocr_line' id='line_1_42' title="bbox 405 2441 1678 2496; baseline 0.003 -17"><span class='ocrx_word' id='word_1_401' title='bbox 405 2444 514 2481; x_wconf 66' lang='grc' dir='ltr'>κατὰ</span> <span class='ocrx_word' id='word_1_402' title='bbox 532 2442 645 2492; x_wconf 78' lang='grc' dir='ltr'><strong><em>φύσιν</em></strong></span> <span class='ocrx_word' id='word_1_403' title='bbox 660 2441 798 2494; x_wconf 68' lang='grc' dir='ltr'><strong><em>χρῆσιν</em></strong></span> <span class='ocrx_word' id='word_1_404' title='bbox 819 2442 888 2483; x_wconf 72' lang='grc' dir='ltr'>τῆς</span> <span class='ocrx_word' id='word_1_405' title='bbox 906 2447 1102 2496; x_wconf 69' lang='grc' dir='ltr'><strong><em>γυναικὸς,</em></strong></span> <span class='ocrx_word' id='word_1_406' title='bbox 1124 2443 1393 2485; x_wconf 82' lang='lat' dir='ltr'>Callicratidae</span> <span class='ocrx_word' id='word_1_407' title='bbox 1411 2454 1544 2485; x_wconf 83' lang='lat' dir='ltr'>autem</span> <span class='ocrx_word' id='word_1_408' title='bbox 1564 2442 1678 2494; x_wconf 69' lang='lat' dir='ltr'>relin2</span> 
     </span>
     <span class='ocr_line' id='line_1_43' title="bbox 404 2495 1037 2550; baseline 0.005 -15"><span class='ocrx_word' id='word_1_409' title='bbox 404 2507 523 2550; x_wconf 87' lang='lat' dir='ltr'>quere</span> <span class='ocrx_word' id='word_1_410' title='bbox 538 2495 604 2539; x_wconf 72' lang='grc' dir='ltr'>τὴν</span> <span class='ocrx_word' id='word_1_411' title='bbox 615 2499 723 2550; x_wconf 71' lang='grc' dir='ltr'>παρὰ</span> <span class='ocrx_word' id='word_1_412' title='bbox 736 2496 862 2549; x_wconf 77' lang='grc' dir='ltr'><strong><em>φύσιν.</em></strong></span> <span class='ocrx_word' id='word_1_413' title='bbox 886 2496 1037 2538; x_wconf 72' lang='lat' dir='ltr'>Rmrz.</span> 
     </span>
    </p>
   </div>
  </div>
 </body>
</html>
