1730 3326
414 204 511 254 -420
609 188 1482 240 ANNOTATIONES

411 283 539 335 quirere
548 310 562 327 ,
582 280 623 320 &
644 281 716 326 βίον
734 278 965 333 {magerbein
981 279 1190 332 significare
1210 282 1367 320 manibus
1379 283 1498 322 vibium
1511 297 1660 335 quaerere
1666 294 1682 331 ,·

414 335 480 374 vel
491 349 613 387 parare
624 349 639 381 ,·
650 335 750 373 unde
762 334 933 372 nondum
950 332 1132 387 sequitur,
1144 335 1210 386 ἐρ’)
1219 335 1379 385 ἄξεσθαι
1392 335 1570 387 ἄνθρωπον
1583 349 1681 389 quo-

417 401 495 440 que
508 387 559 427 fic
572 388 647 426 dici
659 400 731 439 pro
742 387 885 439 aliquem
886 388 955 438 fibi
965 388 1109 427 amicum
1125 391 1252 426 reddere
1261 404 1303 426 ac
1316 389 1525 434 benevolum,
1539 390 1584 429 de
1597 402 1685 442 quo

415 441 477 480 hic
492 440 545 480 est
559 440 753 492 quaestio:
776 453 895 492 quare
907 440 1056 493 Guyeti
1067 440 1310 491 explicationi
1324 442 1480 488 accedo,
1495 453 1539 481 ut
1552 441 1682 494 sit‚fibi

417 495 483 548 ipfi
492 507 661 547 operatur,
666 494 734 545 suo
749 497 917 533 commodo
927 493 1088 544 serviens.
1113 494 1261 533 REITZ.

472 552 546 586 ead.
562 549 586 586 l.
601 561 660 586 10.
675 547 811 599 Ἀλλὰ)
827 546 865 585 Ρ.
876 545 987 587 soliis.
1011 547 1168 586 SOLAN.

475 603 566 653 Pag.
581 615 603 653 9
612 615 643 652 5.
656 602 678 639 l.
696 614 723 639 1.
738 599 905 650 Συνίησι)
918 600 1057 640 Forsan
1070 602 1191 640 συνίει.
1203 599 1372 640 ΟυΥι-ῑτ.
1382 599 1509 655 ξυνίης
1520 599 1565 640 ἓὲ
1579 598 1685 655 οἵας)

418 655 569 694 Omnes
581 655 680 699 libri,
689 664 847 706 excepta
860 654 913 691 Fl.
922 654 978 692 ed.
994 655 1131 693 habent
1144 656 1281 693 συνίησι
1293 654 1337 692 Σὲ
1349 650 1411 692 οἷοι
1421 683 1433 701 ,
1445 655 1553 707 quod
1564 667 1681 706 quem

417 707 566 748 sensum
581 708 770 751 exhibeat,
784 718 899 745 nemo
913 708 1028 746 credo
1041 707 1232 759 intelligat.
1247 707 1463 746 Vertebant
1477 719 1604 747 tamen
1616 709 1685 747 mi-

415 763 467 802 ris
480 762 615 800 modis.
627 761 659 798 V
669 762 740 807 ide,
757 772 804 798 an
813 772 885 798 nos
893 761 1040 800 refflus.
1053 760 1136 813 Ego
1149 772 1255 799 certe
1266 772 1345 799 rem
1362 773 1433 800 acu
1449 760 1605 812 tetigisse
1615 763 1685 801 mi-

418 816 459 854 hi
472 816 618 853 videor.
634 813 743 865 Quid
756 814 853 852 enim
865 814 1085 853 conieEIura
1099 814 1320 853 Alexandro
1331 826 1452 866 opuS,
1468 816 1533 866 qui
1549 826 1685 855 omnes

418 869 581 908 omnino
593 867 761 912 tabellas,
771 879 811 905 ut
824 866 1001 920 responsa
1013 867 1032 905 s
1029 881 1075 906 ua
1086 879 1353 920 componeret,
1363 865 1597 919 resignabat?
1610 868 1685 908 Lu-

419 922 513 962 ciani
527 921 702 960 acumine
718 921 885 973 dignius,
909 931 952 960 ut
972 921 1018 960 ad
1030 920 1182 960 Celsum
1194 951 1205 969 ,
1224 921 1287 961 cui
1302 919 1501 972 inscriptus
1514 921 1574 960 hic
1587 921 1684 962 liber

419 975 493 1022 est,
511 976 730 1014 orationem
744 985 993 1022 convertens,
1006 973 1136 1013 lectori
1148 1005 1156 1021 ‚
1169 975 1259 1027 quid
1275 973 1341 1013 sub
1356 975 1584 1026 imperatore
1598 974 1686 1015 Phi-

418 1028 583 1082 losopho
604 1029 777 1081 rogaturi
799 1026 938 1067 fuerint
952 1029 1154 1079 optimates
1165 1058 1178 1074 ,
1199 1028 1479 1068 coniiciendum
1492 1027 1686 1081 relinque-

419 1095 492 1131 ret,
505 1095 619 1135 quam
633 1094 699 1121 aut
714 1082 933 1121 Alexandro
947 1082 1100 1121 tabellas
1111 1111 1120 1128 ‚
1138 1092 1180 1121 ut
1193 1082 1290 1128 dixi,
1302 1080 1348 1120 de
1363 1093 1472 1120 more
1485 1079 1687 1134 resignanti

420 1136 517 1177 istud
532 1137 697 1175 tribuere
710 1165 721 1184 ‚
737 1147 803 1174 aut
817 1135 938 1188 ipsum
951 1134 1158 1188 periculosa
1168 1166 1179 1183 ,
1194 1136 1405 1188 imperante
1417 1133 1519 1182 filio,
1533 1137 1686 1175 temeri-

424 1201 502 1230 tate
515 1188 721 1229 edisserere.
744 1188 910 1228 Caffium
923 1219 936 1235 ,
961 1190 998 1228 δι
1015 1190 1109 1228 alios
1121 1201 1181 1228 res
1199 1201 1325 1228 novas
1345 1188 1546 1228 molientes
1567 1189 1686 1229 menti

422 1245 520 1290 eius,
531 1256 618 1282 cum
635 1244 726 1281 haec
744 1241 934 1290 scriberet,
950 1242 1176 1282 obversatos
1187 1241 1261 1282 effe
1277 1241 1468 1281 existimo.
1484 1240 1686 1295 (Oraculis

422 1308 562 1348 nempe
576 1295 695 1335 fretus
706 1294 862 1335 Caffius.
877 1324 886 1334 .
898 1325 924 1334 ..
940 1325 950 1335 .
965 1297 1016 1335 V.
1028 1297 1182 1336 Volcat.
1195 1295 1382 1335 Caff.1&
1393 1294 1494 1334 x111.
1522 1296 1604 1335 Nec
1619 1297 1686 1336 de-

423 1361 545 1395 erant,
559 1349 625 1402 qui
640 1349 719 1388 sive
733 1348 890 1402 pertaesi
899 1349 1183 1396 dominationis,
1204 1349 1282 1388 sive
1292 1348 1564 1402 Philosophum
1585 1348 1605 1388 s
1602 1362 1687 1403 per-

421 1415 557 1442 nentes
567 1433 578 1448 ,
595 1414 660 1442 aut
674 1403 870 1456 gravitatis
883 1403 974 1442 odio
986 1432 996 1449 ‚
1017 1414 1084 1442 aut
1100 1404 1292 1442 honorum
1308 1401 1375 1441 sub
1389 1403 1464 1442 alio
1477 1403 1626 1456 cupidi,
1645 1404 1685 1442 in

422 1469 545 1496 annos
570 1457 812 1509 imperatoris
831 1457 1063 1510 inquirerent
1075 1486 1087 1502 ,
1112 1458 1154 1496 δι
1176 1469 1278 1495 nova
1301 1456 1536 1496 molirentur.
1555 1457 1606 1496 V.
1626 1457 1685 1497 M.

423 1510 557 1550 Aurel.
573 1512 692 1548 vitam
710 1524 770 1562 32,
784 1523 805 1548 a
816 1509 987 1550 Dacerio
1001 1509 1207 1563 scriptam.)
1223 1510 1265 1548 In
1281 1510 1334 1548 Η.
1348 1506 1402 1549 est
1416 1511 1563 1555 συνιεὶς,
1577 1510 1684 1563 quod

425 1565 472 1602 ad
490 1563 654 1603 nostram
672 1564 976 1603 emendationem
1001 1564 1159 1616 propius
1179 1565 1335 1603 accedit.
1361 1563 1517 1603 SOLAN.
1545 1564 1687 1604 Hiatus

425 1617 478 1656 est
493 1618 530 1655 in
550 1617 761 1670 parenthesi
776 1618 834 1656 illa
852 1628 964 1657 notae
978 1617 1225 1662 Solaniame,
1239 1618 1278 1657 δι
1293 1618 1434 1669 aliquid
1446 1617 1546 1657 deest
1558 1647 1571 1663 ,
1581 1618 1690 1671 quod

425 1670 557 1723 postea
571 1671 764 1711 additurus
779 1670 888 1711 fuiffe
902 1671 1064 1710 videtur.
1091 1671 1173 1723 Ego
1186 1671 1314 1724 itaque
1328 1670 1379 1710 sic
1393 1671 1571 1718 exhibui,
1585 1673 1686 1712 utin

423 1725 508 1763 eius
521 1734 618 1764 nott.
635 1724 719 1765 Mff.
738 1725 884 1764 inveni.
900 1725 1043 1764 Rmrz.
1061 1724 1209 1764 Omnes
1220 1754 1229 1770 ‚
1247 1736 1432 1778 quantum
1450 1724 1541 1772 scio,
1554 1725 1687 1779 legunt

426 1780 570 1817 συνίησι
583 1777 627 1817 Σὲ
640 1775 701 1816 οἶά
715 1778 810 1817 εἰκὸς
821 1800 865 1808 -
877 1781 951 1818 τὰς·
962 1779 1122 1818 πύστεις
1133 1778 1403 1826 πυνθάνεσθαι,
1415 1777 1458 1818 8(
1467 1779 1609 1819 συνίησι
1621 1780 1688 1818 im·

424 1830 596 1883 perfeClo
607 1843 781 1884 tempore
795 1831 964 1871 referunt
973 1832 1019 1871 ad
1032 1831 1151 1886 ipsum
1166 1832 1427 1871 Alexandrum
1439 1862 1450 1880 ,
1463 1833 1665 1884 intelligebat
1674 1848 1688 1873 .-

423 1884 487 1923 sed
503 1886 564 1924 vel
579 1884 629 1924 fic
643 1882 702 1923 oia
718 1886 757 1924 δι
769 1889 840 1924 τὰς
854 1886 1013 1925 πύστεις
1027 1898 1105 1925 non
1124 1886 1222 1925 bene
1236 1886 1491 1925 conveniunt.
1505 1887 1600 1926 Mihi
1615 1887 1689 1927 du·

425 1938 532 1978 bium
549 1952 626 1978 non
640 1939 707 1986 est,
716 1939 850 1979 dediss'e
864 1939 1072 1979 Lucianum
1091 1940 1212 1979 συνίης
1224 1939 1269 1978 Σὲ
1280 1937 1361 1979 οἵας
1373 1960 1418 1969 -
1430 1942 1504 1979 τὰς
1514 1940 1687 1980 πύστεις.

426 1991 508 2032 Res
521 1993 629 2032 nimis
641 2005 780 2045 aperta.
803 1993 865 2032 Ad
878 1992 1147 2033 conscientiam
1161 1992 1261 2032 Celsi
1275 1991 1329 2032 sui
1346 2004 1536 2046 provocat
1549 1994 1687 2034 Lucia-

427 2059 515 2088 nus,
533 2048 573 2086 δι
589 2047 687 2092 vult,
702 2058 743 2085 ut
757 2048 916 2099 cogitet,
937 2060 1032 2100 quas
1044 2046 1283 2099 quaestiones
1298 2059 1518 2099 proponere
1540 2047 1686 2088 soleant

428 2112 604 2152 potentes
615 2129 625 2147 ‚
642 2113 778 2152 nempe
791 2101 838 2139 de
851 2101 929 2140 vita
942 2101 1200 2153 imperatoris,
1218 2100 1264 2139 de
1281 2099 1344 2153 spe
1356 2099 1444 2146 sua,
1461 2101 1506 2140 de
1519 2100 1687 2142 succeffii

425 2155 616 2205 cogitatae
631 2155 862 2199 rebellionis,
885 2167 917 2194 e.
932 2154 954 2193 i.
971 2168 1005 2207 g.
1019 2167 1052 2194 a.
1066 2154 1304 2206 quaestiones
1314 2166 1393 2194 non
1408 2153 1685 2207 magisteriales,

425 2205 487 2246 sed
495 2208 682 2260 capitales.
697 2209 784 2247 Hoc
795 2220 889 2259 ergo
897 2207 1048 2248 secutus
1059 2207 1138 2247 sum
1151 2208 1188 2246 in
1197 2207 1391 2248 versione:
1407 2207 1447 2247 δι
1457 2208 1573 2248 video
1585 2209 1686 2248 idem

425 2260 549 2301 visum
564 2261 811 2301 eruditissimo
829 2262 985 2301 Solano.
1008 2261 1137 2301 GESN.

479 2318 551 2353 ead.
563 2316 585 2353 l.
599 2330 631 2354 2.
645 2314 809 2354 Πύστεις
820 2315 1093 2369 πυνθάνεσθαι)
1105 2314 1332 2355 Huiusmodi
1344 2315 1590 2368 repetitiones
1602 2328 1688 2356 ver·

424 2368 462 2406 bi
476 2370 646 2420 cognati,
661 2380 702 2408 ut
714 2368 862 2419 μέμψιν
872 2374 1085 2420 μέμφομαι,
1097 2368 1262 2420 &tuingen
1270 2368 1399 2417 «Νκοις,
1408 2369 1591 2419 τόλμημα
1599 2381 1685 2408 τολ-

422 2421 558 2472 μᾶτον,
572 2424 722 2473 φίλημα
735 2422 914 2472 φιλῆσαι,
929 2422 1091 2462 Graecis
1103 2436 1225 2476 aeque
1239 2421 1436 2462 familiares
1448 2422 1521 2462 effe
1535 2435 1578 2462 ac
1591 2422 1689 2462 Lati--

422 2476 499 2525 nis,
512 2476 588 2517 vid.
601 2476 739 2530 Spanh.
757 2477 802 2515 ad
816 2476 1010 2530 Aristoph.
1027 2476 1078 2516 Pl.
1098 2490 1156 2517 io.
1175 2477 1222 2517 Et
1237 2476 1420 2516 Nostrum
1433 2477 1576 2517 Herod.
1592 2487 1626 2516 c.
1645 2490 1680 2529 3,
