1730 3326
399 192 488 263 5ss
594 158 1463 241 ANNOTATIONES

396 285 547 326 fortean
560 282 674 328 dixit,
695 293 774 320 non
789 281 889 320 enim
904 291 944 318 es
954 279 1093 319 Acrifii
1106 279 1205 328 filia,
1226 281 1384 334 intelligi
1403 282 1663 328 volens,‘non

399 339 500 377 enim
521 349 560 375 es
575 336 669 374 turri
687 333 830 379 clausa,
845 344 888 372 ut
903 332 1145 380 Acrifiifilia‚
1168 333 1228 373 sed
1241 335 1395 386 prodire
1413 345 1534 387 potes.
1558 337 1663 382 Aut,

398 390 565 431 Procede
591 390 627 427 in
654 388 846 440 publicum
868 386 1082 438 litigatura:
1108 399 1188 426 non
1212 388 1316 427 enirn
1338 400 1461 428 metus
1471 419 1484 437 ‚
1509 401 1558 428 ne
1574 391 1663 442 quis

399 457 477 485 tam
499 441 707 482 deformem
722 440 891 493 Iuppiter
906 451 943 478 te
959 441 1091 491 rapiat.
1117 441 1307 480 MARcu..

456 499 538 536 ibid.
554 494 711 547 Κριὸητι)
726 494 814 533 Vid.
827 493 977 532 Suid.V.
988 493 1156 544 ἀκρισίαι,
1169 493 1210 532 ὅ(
1221 494 1366 533 Δανάη.
1387 494 1546 534 SOLAN.

457 552 529 589 ead.
543 551 566 587 l.
577 563 614 598 7.
637 549 793 599 Τρέβωνα
804 546 872 597 μὲν
883 548 946 586 καὶ
961 545 1078 598 ’πήραν
1093 546 1240 598 ἔχοντα
1251 576 1263 595 ,
1285 548 1369 588 ἀντὶ
1381 548 1427 588 s‘e
1439 547 1507 588 τῆς
1523 550 1665 593 βακτη-

403 605 481 659 ρίας
492 602 696 654 ὑπέρογκον
710 599 948 653 κεκραγότα)
957 600 1111 648 Melius,
1122 601 1274 652 τρίβωνα
1283 601 1350 651 μὲν
1360 600 1548 653 καὶπῖγραν
1558 601 1666 656 ἕχον·

402 675 473 705 τα,
495 657 550 696 ἔτι
575 656 619 694 ἑὲ
636 657 700 694 τὴν
722 653 926 704 βακτηρίαιν
950 650 1167 706 ὑπέρογκον,
1189 653 1414 707 κεκραγότα
1428 657 1503 695 &c.
1528 668 1668 709 nempe

404 710 560 751 Κυνικόν.
580 710 770 748 MAncu..
792 708 916 752 Haec,
932 706 1181 760 utleguntur‚
1195 706 1279 746 sunt
1295 709 1384 748 nive
1395 707 1607 761 frigidiora,
1624 710 1668 750 δι

403 779 453 805 ne
467 764 603 803 micam
620 763 774 814 quidem
789 760 869 799 salis
880 760 1029 800 habent.
1041 759 1112 800 Sed
1125 761 1240 800 unius
1250 762 1416 801 voculae
1428 763 1669 802 emendatio-

405 832 453 858 ne
466 818 606 870 patebit
621 816 764 856 facetus
774 814 859 853 satis
869 815 990 853 iocus.
1005 814 1110 866 Lego
1119 815 1233 866 igitur
1245 815 1307 854 ἐπὶ
1321 814 1370 864 τῇ
1379 816 1576 867 βακτηρίᾳ,
1587 828 1669 856 non

406 884 503 911 vero
519 871 600 909 ἀντὶ
613 868 679 909 τῦς
692 869 914 920 βακτηρίας.
928 867 1043 906 Iocus
1053 867 1118 915 est,
1133 868 1238 920 quod
1247 867 1426 919 Cynicus
1437 869 1498 909 ille
1511 869 1668 910 innixus

407 925 549 966 baculo
559 954 572 970 ,
584 924 687 977 quod
701 921 891 974 gestamen
903 932 984 960 erat
997 920 1240 972 Cynicorum
1251 951 1263 970 ,
1284 932 1468 962 contenta
1480 935 1581 963 voce
1593 923 1668 963 cla·

408 991 531 1026 mans,
544 977 579 1016 se
595 976 668 1016 esse
687 975 936 1022 Antisthenis,
951 974 1164 1014 Cratetis&
1178 975 1381 1027 Diogenis,
1401 976 1443 1014 &
1457 989 1596 1016 eorum
1613 976 1668 1017 se·

407 1034 489 1073 &ae
502 1032 730 1071 imitatorem
744 1059 757 1076 ‚
777 1042 799 1068 a
814 1028 1057 1068 DemonaGie
1070 1027 1196 1068 irrisus
1207 1029 1259 1068 est
1274 1028 1314 1068 &
1326 1028 1582 1070 subsannatus.
1596 1032 1669 1070 Im-

409 1103 463 1127 mo
479 1085 638 1139 (inquit)
654 1083 842 1136 Hyperidis
856 1083 977 1121 videris
989 1082 1048 1134 effi
1059 1082 1254 1135 discipulus.
1277 1083 1426 1122 Ludens
1448 1084 1485 1122 in
1499 1096 1601 1124 voce
1611 1083 1672 1122 ‘T-

409 1140 578 1192 vreprsnr,
588 1151 703 1190 quam
717 1137 764 1176 ab
777 1134 958 1187 ὖπερείὸω
974 1135 1081 1189 fingit
1096 1137 1272 1184 derivari,
1285 1137 1391 1189 quod
1404 1136 1457 1175 est
1469 1137 1608 1184 innitor,
1619 1149 1670 1178 eo

408 1194 514 1247 quod
527 1191 664 1231 innisus
677 1202 756 1230 erat
768 1190 922 1230 baculo.
938 1189 1158 1242 Hyperides
1174 1202 1300 1229 autem
1316 1190 1390 1229 fuit
1402 1190 1532 1230 rhetor
1545 1190 1671 1230 Athe-

408 1246 547 1287 niensis
567 1245 854 1285 celeberrimus:
880 1242 980 1282 forte
1001 1243 1072 1282 fuit
1096 1245 1208 1284 etiam
1229 1243 1477 1296 philosophus
1497 1245 1581 1285 eius
1603 1257 1673 1285 no-

408 1300 521 1340 minis
533 1329 544 1346 ,
569 1299 614 1338 de
635 1311 716 1351 quo
730 1309 857 1336 tamen
882 1295 975 1335 nihil
998 1297 1083 1348 legi.
1106 1297 1294 1336 PALMER.
1318 1298 1402 1350 Ego
1418 1299 1579 1338 omnino
1597 1311 1671 1352 pro

409 1354 494 1394 ἀντὶ
511 1354 708 1405 legendum
720 1350 858 1391 censeo
869 1350 968 1399 ἄνευ,
982 1364 1098 1402 quam
1111 1351 1415 1392 emendationem
1429 1351 1672 1392 confirmabit

408 1408 619 1449 Schoiium.
642 1406 800 1446 SOLAn.

465 1462 572 1500 eadd.
585 1460 621 1498 8.
632 1460 866 1511 Ὓπέρσγκον
880 1458 1117 1512 κεκραγότα)
1134 1458 1225 1498 Eam
1240 1457 1459 1498 sententiam
1474 1457 1548 1498 effe
1560 1458 1674 1499 huius

408 1515 501 1562 loci,
514 1527 629 1567 quam
645 1515 682 1553 in
693 1513 868 1552 verfione
879 1512 977 1558 dedi,
988 1525 1118 1552 certus
1132 1512 1227 1552 sum:
1245 1512 1320 1552 hoc
1334 1512 1400 1560 est,
1414 1508 1554 1566 ὕστερον,
1562 1514 1675 1567 pistil-

411 1570 480 1608 lum
498 1581 569 1622 pro
592 1568 700 1607 clava
720 1567 851 1606 habuit
871 1566 931 1605 hic
947 1566 1150 1617 Cyniscus.
1171 1567 1349 1618 Τρίπηχυ
1371 1565 1479 1606 fuisse
1495 1578 1675 1606 nonnun-

410 1636 542 1676 quam,
557 1622 592 1660 h.
603 1634 637 1661 e.
655 1623 755 1660 trium
774 1621 970 1666 cubitorum,
985 1622 1060 1660 hoc
1080 1620 1372 1659 instrumentum
1383 1650 1394 1667 ,
1408 1621 1522 1660 docet
1536 1620 1676 1661 Hesio-

411 1677 482 1715 dus
496 1677 591 1729 Ἐργ.
608 1674 629 1714 f.
645 1690 738 1728 423,
750 1675 816 1714 ubi
830 1687 984 1720 vereor,
1004 1685 1046 1712 ut
1061 1673 1182 1726 figura
1200 1675 1354 1727 antiqua
1369 1675 1566 1727 antiquum
1580 1670 1678 1714 ὕπε-

409 1745 466 1782 ρον
481 1742 567 1769 cum
588 1728 655 1768 suo
672 1729 774 1778 ’όλμῳ
797 1727 898 1767 ῑεὲὶε
917 1727 1150 1780 expresserit:
1167 1740 1284 1780 quam
1297 1728 1468 1781 alioquin
1485 1728 1677 1768 machina-

409 1785 555 1824 tionem
569 1783 605 1821 in
616 1783 804 1821 hodierno
818 1782 959 1820 civium
973 1781 1130 1820 suorum
1143 1783 1417 1835 Hungarorum
1430 1781 1500 1821 usu
1510 1781 1597 1828 esse,
1610 1783 1678 1822 do·

410 1838 490 1878 cuit
505 1850 565 1876 me
580 1836 740 1889 Collega
757 1836 928 1887 optimus
944 1834 971 1874 l.
987 1835 1036 1874 A.
1052 1835 1251 1888 Segnerus.
1276 1836 1425 1889 Nempe
1445 1831 1574 1887 ὕπερον
1587 1834 1677 1875 sirn-

411 1891 501 1944 piex
516 1891 658 1943 lignum
670 1891 737 1936 est,
748 1890 922 1942 longum,
931 1899 1043 1935 teres,
1056 1891 1277 1941 capitatum,
1290 1890 1380 1930 coni
1393 1901 1498 1929 certe
1511 1889 1677 1929 formam

411 1945 558 1984 habens
573 1945 651 1984 &a
676 1944 730 1984 Ut
743 1945 898 1994 μοχλὶς
909 1944 1024 1991 veHis,
1036 1943 1188 1995 κόρηθρον
1192 1942 1332 1996 ftopae,
1351 1942 1401 1983 fic
1414 1939 1556 1991 ὕπερον,
1568 1944 1677 1997 pistil-

413 2000 481 2046 lus,
494 1997 677 2051 simplicia
691 1998 790 2051 ligna
804 1997 916 2037 sunto
928 1997 1076 2049 magica
1093 2009 1175 2036 arte
1191 1998 1358 2036 animata
1376 1997 1478 2050 apud
1491 1997 1677 2037 Nostrum

412 2053 451 2092 in
466 2051 726 2104 Phiiopseude.
749 2051 794 2090 Et
808 2052 873 2102 qui
887 2051 1138 2104 proverbium
1155 2050 1349 2098 fecerunt,
1370 2063 1454 2104 quo
1476 2051 1596 2091 utitur
1608 2064 1678 2090 au-

413 2106 500 2145 fior
514 2106 595 2156 περὶ
611 2104 795 2157 ἑρμηνείας
811 2105 846 2145 S.
873 2119 888 2143 1
901 2118 946 2156 19
958 2134 971 2151 ,
997 2104 1238 2154 κοσμούμενον
1253 2101 1397 2156 ὕπερον,
1421 2103 1576 2157 fimplex
1597 2104 1678 2145 sine

413 2160 533 2200 dubio
547 2161 717 2212 lignum,
740 2171 822 2197 non
841 2159 1053 2198 machinam
1075 2159 1174 2197 illam
1191 2171 1276 2198 com
1309 2157 1465 2207 offlam,
1482 2159 1677 2198 intellexit.

412 2213 554 2266 Quare
578 2213 754 2266 pistillum
772 2211 851 2251 fine
870 2213 989 2252 dubio
1006 2211 1167 2264 gestavit
1181 2213 1240 2252 hic
1263 2173 1357 2252 aiter
1371 2210 1580 2265 Diogenes.
1603 2212 1678 2252 Sed

413 2269 461 2308 de
475 2268 550 2307 hoc
563 2268 740 2320 ambigo,
765 2267 1001 2319 pepereritne
1023 2262 1152 2319 ὕστερον
1167 2266 1258 2306 illud
1272 2270 1315 2304 τὶ
1336 2261 1554 2320 ὑπέρογκον,
1569 2265 1678 2319 quod

413 2322 526 2375 plane
542 2322 616 2361 huc
628 2334 705 2361 non
722 2321 901 2373 pertinet;
917 2333 963 2358 an
977 2320 1097 2366 abeo,
1115 2331 1158 2359 ut
1167 2319 1227 2366 fit,
1240 2319 1415 2359 haustum
1430 2321 1679 2360 devoratum-

414 2388 491 2428 que
503 2375 558 2413 sit.
574 2376 672 2414 Nam
690 2386 899 2427 utrumque
912 2374 1081 2413 Luciano
1097 2375 1268 2426 dignum,
1284 2372 1427 2427 ἔχοντα
1439 2373 1523 2412 ἀντὶ
1535 2374 1680 2419 βακτη-

415 2443 491 2480 ριας
508 2425 652 2480 ὕπερον,
665 2425 804 2480 ὑστέρη
811 2442 868 2467 κον
879 2428 1114 2480 κεκραγότα,
1127 2428 1182 2474 δι,
1195 2428 1342 2479 ἔχοντα
1357 2428 1440 2466 ἀντὶ
1453 2429 1568 2472 βακτ.
1582 2423 1678 2467 ὕπε-

413 2498 483 2536 ρον,
498 2483 717 2537 κεκραγότα
729 2497 767 2523 κ.
781 2495 818 2522 τ.
830 2493 866 2521 λ.
888 2480 974 2535 Qui
994 2481 1250 2522 charafierem
1271 2480 1377 2535 quasi
1392 2480 1582 2522 dictorum
1593 2480 1680 2526 De2
