1730 3326
413 216 505 267 574
612 198 1484 250 ANNOTATIONES

408 288 499 328 huic
511 287 635 327 verbo
651 287 763 327 ineffe
776 298 907 340 putem
919 302 931 336 ;
947 287 1006 328 sed
1018 288 1057 328 &
1069 288 1316 351 perseverandi,
1325 301 1369 330 ut
1379 303 1436 343 ap.
1449 290 1571 344 Long.
1579 290 1680 334 Paffi

407 356 446 395 p.
463 355 510 392 71
522 372 532 388 ,
550 342 616 380 καὶ
630 340 696 380 τῆς
716 342 882 393 τερψεως
896 342 932 381 ἐς
955 342 1074 381 νίιιιτα
1095 354 1299 396 ληγουσης,
1320 345 1386 383 ubi
1401 357 1527 384 nexus
1541 346 1675 396 docet,

407 396 709 435 obleaationem
724 397 760 433 in
775 396 929 434 noetem
943 395 1051 435 fuisse
1065 397 1247 448 extensam.
1264 397 1303 436 Si
1317 399 1401 450 quis
1413 411 1510 438 vero
1523 411 1545 437 a
1559 399 1675 452 λύχω

407 462 482 503 pro
497 456 695 501 λαγχανω
708 449 876 494 derivet,
898 461 943 488 ac
951 449 1075 500 fhrtem
1090 450 1374 503 interpretetur,
1390 452 1497 491 adeat
1512 452 1558 491 de
1572 465 1679 493 utro·

407 517 484 555 que
500 504 710 555 significatu
727 502 961 554 disputantes
972 503 1208 543 Commentt.
1225 504 1273 544 ad
1285 505 1510 545 Callimach.
1526 506 1679 557 Hymn.

407 557 446 595 in
464 557 547 595 Iov.
563 571 601 595 v.
616 556 680 603 80,
697 556 759 595 ubi
785 557 897 606 λάξιν
909 557 1051 596 editum
1065 569 1137 610 pro
1151 557 1303 597 Dorico
1321 559 1447 610 λᾶξιν,
1461 558 1566 611 λῆξιν
1578 573 1677 601 vero

408 610 473 650 alii
491 611 572 649 iibri
589 611 739 649 habent.
754 609 868 648 Conf.
885 620 966 649 not.
981 610 1120 662 Spanh.
1135 625 1169 663 p.
1185 626 1244 664 34.
1261 611 1405 651 Rtirz.

464 667 536 702 ead.
552 665 574 702 l.
597 678 656 717 13·
672 663 741 701 Καὶ
762 662 973 716 διώκοντες)
994 664 1073 704 Ox.
1091 665 1190 704 ἐστέ.
1210 665 1253 704 In
1267 666 1323 704 M.
1342 667 1477 714 etiam,
1495 667 1676 719 quamvis

409 716 520 757 ἔσται
536 718 693 770 legatur,
710 728 840 756 tamen
856 715 966 769 supra
980 717 1203 768 adscriptum
1216 718 1270 757 est
1286 734 1313 758 ε.
1324 720 1396 758 Sed
1409 732 1586 759 neutrum
1599 733 1677 774 ego

413 772 597 824 intelligo.
617 772 776 810 SOLAN,
792 771 1017 825 Διώιιοντες)
1030 772 1089 811 Sic
1104 771 1198 810 infra
1209 785 1292 825 cap.
1304 787 1352 824 43
1371 772 1394 811 f.
1410 774 1465 812 τις
1478 773 1608 813 ταῦτα
1623 776 1678 813 τὰ.

409 826 467 877 ἐν)
477 825 548 863 αθὲι
561 825 706 872 stabam
727 824 773 863 Et
789 825 840 863 ita
855 825 1016 874 διώκειν,
1038 839 1109 877 pro
1115 826 1237 877 seHari
1250 839 1310 866 res
1324 827 1459 874 bonas,
1472 826 1583 881 supra
1596 840 1677 868 non

408 878 523 919 semel
536 879 748 918 habuimus.
764 879 856 917 Vid.
875 878 1004 917 saltem
1018 880 1194 919 Hermot.
1211 892 1243 918 c.
1258 894 1320 930 77.
1344 880 1485 919 Rmz.

465 934 555 986 Pag.
571 933 658 985 283.
675 934 697 970 l.
714 947 748 985 3.
764 933 1044 986 Φενακιζονται)
1056 935 1126 973 W.
1144 933 1260 982 recte,
1275 934 1312 972 in
1328 933 1512 988 impreffis
1531 947 1677 987 φαινα·

408 988 583 1039 κίζοντοιι.
606 987 762 1026 SOLAN.

463 1042 541 1079 ibid.
558 1044 604 1078 Tb
619 1041 657 1079 δ’
676 1038 746 1079 Mn
761 1038 856 1091 διε.)
876 1038 1062 1091 Ὓποφορα
1084 1039 1314 1094 adscriptum
1329 1039 1366 1080 in
1382 1053 1499 1094 marg.
1520 1043 1568 1081 A.
1588 1055 1619 1082 ι.
1633 1042 1676 1083 &

408 1095 563 1134 duobus
576 1094 748 1134 versibus
760 1092 914 1133 inferius
926 1123 936 1140 ,
953 1094 1191 1147 ἁνθυποφορέι.
1211 1095 1273 1134 Ad
1286 1095 1523 1135 indicandam
1540 1095 1678 1137 scilicet

407 1149 571 1202 figuram
588 1149 848 1188 Rhetoricam.
877 1148 1024 1188 Rmrz.

464 1205 538 1241 ead.
553 1204 575 1241 l.
592 1204 626 1241 6.
649 1199 830 1240 Καλοῦσιν
843 1200 1006 1255 αὐτοὺς)
1033 1197 1134 1255 Lege
1156 1199 1303 1242 αὑτούς.
1325 1201 1492 1243 GUYET.
1517 1201 1676 1258 Αὖτοὺς)

408 1256 550 1296 Melius
564 1256 615 1294 [ιε
631 1255 819 1299 scribitur,
835 1268 951 1307 quam
963 1286 974 1301 ,
991 1269 1033 1295 ut
1048 1257 1085 1294 in
1100 1257 1202 1295 libris
1215 1256 1288 1303 est,
1300 1253 1451 1296 αὐτούς.
1474 1257 1633 1297 SOLAN.

466 1313 539 1349 ead.
563 1311 586 1348 l.
604 1324 618 1348 1
631 1324 644 1348 1
655 1341 663 1349 .
687 1308 855 1348 Μηδέν-ιω
867 1309 940 1348 τῶν
957 1309 1150 1363 λογισμῶν
1164 1311 1200 1349 ἒν
1212 1307 1317 1358 αὐτῷ
1326 1314 1415 1361 πρὸς
1427 1311 1454 1349 ἃ
1467 1311 1675 1363 namins·-

410 1378 479 1403 ται
491 1365 604 1416 κρίσιν
616 1362 800 1416 ἐχόντων)
825 1363 951 1402 Verto
963 1365 1106 1416 potius,
1119 1379 1194 1403 cum
1209 1365 1296 1403 ratio
1308 1365 1411 1416 ipfius
1432 1368 1568 1404 necdum
1582 1368 1676 1405 iudi-

409 1434 485 1457 care
501 1430 617 1472 queat,
637 1434 703 1471 quo
717 1417 758 1470 se
773 1430 957 1456 convertere
969 1420 1095 1464 debeat,
1115 1431 1230 1470 quam
1249 1431 1338 1458 cum
1353 1419 1580 1471 interprete,
1599 1435 1674 1459 cum

410 1474 467 1510 vis
486 1473 710 1511 ratiocinandi
731 1472 879 1511 nondum
901 1473 1023 1510 habeat
1032 1474 1081 1510 ad
1095 1487 1179 1524 quae
1192 1472 1352 1512 iudicium
1368 1486 1552 1512 convertat.
1573 1474 1675 1513 Nam

405 1530 454 1567 ‘sb
470 1529 580 1575 κρίσιν
601 1528 764 1578 pertinet
778 1524 824 1564 ad
845 1524 1029 1577 ἑχόντων,
1051 1538 1130 1565 ηοη
1152 1527 1199 1565 ad
1220 1525 1495 1578 τραπὴσονται·
1513 1527 1554 1567 &
1572 1526 1678 1580 ἔχειν

409 1595 519 1628 κρισιν
532 1581 670 1619 dicitur
679 1593 752 1634 pro
766 1579 959 1619 ὃύνασῢαι
974 1581 1110 1631 κρίνειν.
1126 1579 1229 1620 Infra
1242 1593 1276 1620 c.
1292 1579 1342 1627 48
1359 1579 1466 1620 sensu
1479 1583 1677 1621 contrario

408 1635 504 1672 dixit
524 1634 674 1680 aneton
693 1635 760 1674 τὴν
774 1632 846 1673 iis„
859 1635 1080 1687 λογίζεσθαι
1100 1633 1307 1685 svmmvm
1324 1631 1481 1673 ἡλικίαν·
1495 1635 1536 1674 &
1553 1648 1585 1676 c.
1605 1650 1680 1684 24,

409 1688 584 1739 φρόνησις
596 1688 788 1740 ὁλόκληρον
802 1687 886 1742 ἔχει
899 1689 1095 1741 λογισμὸν.
1113 1687 1249 1742 Apost.
1261 1687 1327 1741 Ep.
1345 1689 1393 1727 ad
1407 1689 1525 1728 Hebr.
1538 1689 1593 1735 V,
1615 1704 1627 1728 1
1637 1705 1678 1738 4,

406 1746 463 1781 τὰ
488 1741 708 1794 αι’σὲῐιιτίιρια
729 1744 838 1794 ἔχειν
859 1744 1164 1796 ’γεγυμνασμένοι
1183 1745 1273 1794 προς
1296 1741 1478 1795 διάκρισιν
1499 1741 1619 1783 καλοῦ
1632 1756 1675 1782 τε

408 1796 476 1834 καὶ
496 1796 626 1835 κακοῦ.
653 1797 696 1836 L.
713 1797 812 1836 BOS.

463 1854 535 1889 ead.
555 1852 579 1889 l.
598 1864 656 1903 13.
675 1848 778 1902 Εὖθὺ)
801 1849 946 1890 Eodem
958 1850 1094 1900 redire,
1108 1848 1294 1890 scribasne
1306 1849 1365 1890 hic
1377 1846 1492 1900 ede-35,
1511 1863 1560 1891 an
1581 1848 1676 1899 εὐθὺ,

408 1904 488 1943 vid.
504 1904 602 1944 infra
619 1917 653 1944 c.
669 1919 732 1952 42·
751 1905 900 1944 Rmrz.

463 1960 539 1997 ead.
553 1959 577 1998 l.
596 1972 654 2008 14.
670 1963 736 1999 Γον
748 1959 883 2011 κακον)
906 1958 1036 1997 Pelleti
1050 1958 1136 1998 licet
1150 1956 1334 2011 scriptura
1349 1957 1562 1998 blandiatur
1584 1971 1675 2012 prae

407 2013 582 2065 vulgara,
597 2013 686 2052 nihil
700 2024 826 2053 tamen
841 2024 970 2052 muto:
993 2025 1079 2051 nam
1092 2015 1134 2052 τὸ
1151 2016 1266 2051 καλὸν
1278 2011 1380 2051 recte
1396 2012 1455 2052 hic
1468 2013 1621 2066 quidem
1639 2012 1676 2053 se

408 2067 580 2114 haberet,
599 2068 640 2107 δι
654 2067 717 2106 vel
733 2067 784 2107 s1c
797 2066 932 2107 dediffe
944 2067 1156 2106 Lucianum
1171 2066 1315 2114 credas,
1334 2066 1360 2104 si
1373 2067 1417 2105 ad
1432 2066 1673 2119 praemissum

407 2120 502 2160 illud
510 2123 551 2159 τὶι
563 2122 632 2160 νέον
647 2121 852 2174 respexeris
864 2136 875 2170 3
886 2133 1021 2160 verum
1035 2120 1060 2159 s1
1077 2122 1122 2160 ad
1135 2119 1328 2173 sequentia
1339 2133 1388 2159 ex
1399 2121 1578 2160 Homero
1588 2134 1676 2174 pro—

408 2176 486 2214 lata
507 2175 737 2228 prospicias,
756 2177 792 2215 in
808 2176 949 2229 quibus
964 2175 1008 2214 de
1022 2175 1168 2229 pulchro
1180 2177 1310 2215 homine
1323 2175 1460 2228 agitur,
1486 2175 1526 2216 δι
1539 2175 1599 2215 hic
1613 2179 1675 2215 τὶν

407 2232 525 2269 κακον
538 2228 766 2270 servandum
781 2229 974 2270 iudicabis.
997 2229 1143 2268 Rmrz.

464 2283 555 2335 Pag.
569 2283 656 2333 284.
671 2286 694 2322 l.
707 2298 738 2323 1.
758 2280 863 2324 Eis&
877 2298 939 2322 τις
956 2284 1050 2335 &c.)
1067 2284 1185 2323 Hom.
1199 2282 1276 2323 Od.
1288 2288 1336 2329 Θ,
1353 2282 1436 2335 169.
1460 2282 1620 2322 δοῖ-ΑΝ.

464 2340 537 2377 ead.
557 2339 580 2376 l.
599 2353 632 2391 3.
653 2338 890 2390 Λεὺο-σουσιν)
907 2338 968 2377 Sic
982 2339 1052 2377 W.
1066 2337 1167 2377 recte
1180 2369 1191 2387 ‚
1206 2349 1249 2377 ut
1262 2337 1361 2390 apud
1377 2337 1607 2378 Homerum.
1629 2336 1672 2378 In
1728 2353 1730 2384 2

407 2392 566 2444 reliquis
578 2392 680 2431 libris
690 2392 897 2432 λεὺσουσιν.
917 2392 1075 2432 δοιΑΝ.

463 2448 536 2485 ead.
549 2447 572 2485 l.
590 2459 622 2498 5.
633 2447 743 2499 Θεὶν)
757 2446 919 2486 Servavi
935 2447 1033 2485 hanc
1048 2445 1286 2498 scripturam,
1300 2457 1417 2498 quam
1433 2445 1470 2484 in
1487 2444 1543 2484 M.
1556 2444 1671 2483 etiam

410 2498 596 2549 inveni03
630 2502 808 2555 quamvis
833 2501 935 2555 apud
961 2501 1178 2541 Homerum
1204 2499 1300 2547 ,θεῶν
1325 2501 1486 2554 legatur.
1516 2498 1673 2541 SOLAN,
