1730 3326
193 175 293 220 ΙΝ
358 173 1114 220 ALEXANDRUM.
1199 193 1295 242 419

40 275 118 316 que
132 262 320 303 illustrem.
332 262 388 301 IV
406 261 583 301 nimirum
597 263 785 306 ποικίλων,
806 274 838 301 c.
856 276 891 314 3,
905 262 1074 314 loquitur
1088 262 1148 302 ille
1163 264 1207 303 de
1221 266 1296 305 Po-

37 317 205 369 lygnoto
217 315 374 364 Thasio,
392 316 431 355 δι
447 314 642 366 Dionysio
658 313 925 367 Colophonio,
941 316 1168 367 pistoribus:
1196 320 1259 356 καὶ
1276 318 1295 355 ὃ

34 385 101 420 μεν
111 367 366 422 Πολύγνωτος,
377 369 514 420 inquit,
526 367 663 421 ἔγραφε
678 370 730 406 τὰ
739 369 919 420 μεγάλαι,
932 369 998 406 καὶ
1011 371 1044 407 ἐν
1055 370 1131 407 τοῖς
1143 372 1295 411 τελείοις

36 423 228 476 εἰργάζετο
243 425 295 459 τὰ
307 417 418 460 ἆθλα..
443 422 533 461 Non
549 420 724 473 profeEIo
741 421 969 474 ἐργάζεσθαι
984 424 1038 459 τὰ
1049 417 1147 462 {Ome
1160 424 1212 462 est
1226 441 1293 463 cer-

34 477 161 515 tarnim
167 475 294 526 subire,
308 475 631 527 quemadmodum
644 475 822 526 vulgatus
839 474 995 513 reddidit
1012 476 1196 528 interpres
1205 492 1218 524 3
1233 478 1296 518 sed

29 530 180 582 praemia
183 529 251 580 fibi
263 543 453 580 comparare
462 544 504 566 ex
518 527 770 567 certaminibus:
785 540 868 580 quo
882 526 987 567 sensu
1000 527 1051 577 τῷ
1062 529 1296 580 ἐργάζεσθαι

34 584 146 633 etiam
162 582 346 621 Aelianus
362 581 447 620 alibi
464 582 596 626 utitur,
613 580 720 619 velut
733 593 781 619 ex
797 580 978 632 exemplis
991 581 1027 619 in
1043 581 1168 622 Indice
1182 595 1296 622 nota-

33 637 99 682 tis,
114 635 180 674 ubi
195 636 460 687 &interpretis
477 634 536 673 hic
549 633 675 686 lapsus
689 634 811 674 verbo
825 644 996 680 noratur,
1009 635 1139 674 videre
1151 635 1215 674 est,
1232 637 1297 675 In-

33 690 117 728 nuit
126 689 300 727 nimirum
311 688 508 735 Aelianus,
518 687 706 741 pi&orem
718 686 981 740 Polygnotum
994 688 1140 740 pielura
1151 689 1296 742 expres-

34 741 114 781 siffe
131 755 256 781 rerum
273 742 516 793 grandiorum
530 739 694 787 formas,
715 740 852 793 easque
874 741 1060 794 integras;
1081 742 1188 782 cuius
1203 744 1295 784 artis

32 796 73 835 δι
88 808 230 847 operae
243 797 409 847 praemia
423 796 551 834 tulerit
566 794 606 833 δε
618 795 748 847 pretia.
769 794 966 834 Pofl‘umus
986 807 1146 848 quoque
1165 797 1215 835 ita
1228 810 1295 836 ex·

33 861 177 902 ponere
188 878 202 894 ,
228 848 490 901 Polygnotum
506 862 592 888 cum
608 848 686 887 aliis
700 848 745 886 de
759 848 881 900 gloria
898 849 1073 900 pingendi
1093 851 1146 888 τὰ
1162 857 1294 889 τέλειαι

31 901 198 949 certasse,
209 900 474 954 vifloremque
489 900 663 940 exstitisse
673 916 686 949 3
707 902 744 940 ἃ
759 902 857 941 adeo
874 903 1051 954 praemia,
1073 901 1100 940 fi
1114 916 1190 956 qua
1204 903 1294 943 fuis-

30 955 109 995 sent
127 955 344 1007 proposita,
361 955 578 1008 reportaffe.
603 954 751 993 Etenim
767 953 870 1000 fuiffe
884 956 998 994 etiam
1015 955 1112 994 inter
1128 956 1292 1008 pistores

31 1010 258 1059 certamina,
281 1008 364 1048 satis
381 1021 518 1048 notum
532 1008 594 1047 vel
615 1020 662 1046 ex
675 1021 745 1055 eo,
766 1009 872 1060 quod
892 1010 937 1047 de
952 1007 1152 1048 Parrhasio
1166 1023 1294 1050 narrat

32 1063 215 1102 Aelianus
230 1063 282 1101 IX
292 1093 305 1108 ,
319 1076 352 1102 c.
376 1077 388 1101 ι
401 1076 432 1101 1.
455 1063 546 1101 Non
560 1073 687 1118 tamen
710 1062 745 1100 id
760 1063 966 1114 quidquam
993 1061 1080 1101 facit
1105 1064 1151 1102 ad
1163 1065 1292 1103 Aelia-

31 1128 122 1155 num
142 1116 319 1156 hocloco
335 1117 387 1155 ita
407 1116 652 1156 vertendum:
677 1128 802 1167 neque
822 1113 1059 1167 frequentior
1073 1116 1161 1156 usus
1178 1119 1291 1159 vocis

30 1163 158 1216 ἆθλον,
167 1170 365 1222 praemium,
378 1182 457 1209 non
473 1181 647 1216 certamen,
662 1168 927 1220 significantis,
943 1170 980 1207 id
994 1168 1102 1209 facile
1117 1172 1293 1222 patiatur.

29 1222 188 1262 Dudum
208 1235 372 1275 namque
386 1222 460 1269 est,
483 1223 587 1275 quod
606 1223 745 1261 eruditi
770 1223 884 1275 (vide
899 1222 1057 1263 Graevii
1072 1224 1116 1262 ad
1133 1225 1293 1265 Luciani

29 1276 273 1316 Soloecistam
287 1276 652 1329 animadverfiones)
662 1276 878 1317 docuerunt
887 1307 898 1324 ‚
908 1277 1105 1329 politiores
1118 1278 1292 1319 Graecos

31 1332 73 1370 ‘rb
90 1325 198 1370 ἆθλον
215 1331 324 1377 inter,
339 1331 377 1370 δι
391 1330 406 1369 ὃ
423 1325 534 1369 ’ἆθλος
548 1329 748 1369 distinxiffe
759 1344 770 1378 3
782 1331 834 1369 ita
847 1340 890 1370 ut
903 1332 975 1369 hoc
990 1329 1218 1383 significetur
1229 1348 1292 1372 cer-

30 1396 153 1430 tamen,
168 1384 235 1423 illo
249 1385 437 1423 certaminis
446 1385 641 1437 praemium.
657 1383 718 1423 Est
732 1395 875 1432 tamen,
891 1384 958 1423 ubi
969 1396 1103 1424 contra
1118 1388 1162 1423 τὸ
1178 1382 1291 1427 ’ἆθλον

31 1450 106 1490 pro
121 1437 203 1489 ipso
224 1439 428 1478 certamine
452 1437 636 1483 sumatur,
655 1439 975 1490 quemadmodum
992 1438 1225 1490 potiflimum
1241 1453 1291 1480 ex

28 1492 121 1538 hoc,
135 1493 174 1531 in
191 1492 351 1531 Anthol.
367 1491 397 1539 1,
410 1504 444 1531 c.
458 1493 524 1539 64,
541 1493 820 1544 Epigrammate
832 1491 879 1539 ll,
891 1490 1052 1531 ostendit
1067 1492 1115 1531 H.
1129 1492 1291 1544 Stepha-

27 1545 187 1591 nus,ubi
196 1545 350 1597 Ulyffes
364 1547 482 1584 redux
497 1548 542 1584 ad
551 1546 721 1584 Ithacam
731 1546 802 1583 ita:
818 1544 919 1595 Χαῖρ’
930 1544 1047 1583 Ἰθάκη
1058 1546 1142 1593 μετ’
1155 1545 1292 1596 ἄεθλα,

28 1599 114 1649 μετ’
132 1611 262 1652 meysa
279 1601 398 1650 πικρὰ
410 1600 622 1638 &amico-ns.
651 1599 755 1637 Huic
776 1598 889 1636 addas
909 1598 995 1636 licet
1019 1597 1137 1650 ipsum
1161 1600 1294 1639 Aelia-

29 1665 120 1692 num
134 1652 226 1692 Xlll
242 1657 384 1692 Ποικιλ.
406 1666 465 1700 14,
481 1653 545 1691 ubi
560 1653 596 1690 in
611 1653 744 1691 ceteris
759 1652 1059 1690 Homericorum
1073 1654 1290 1692 carminum

27 1707 199 1759 partibus
214 1705 412 1746 censentur
431 1707 471 1745 δι
486 1708 537 1743 τὰ
552 1706 613 1745 ἐπὶ
632 1702 838 1755 Πατρόκλῳ
851 1700 965 1743 ἆθλα.-
993 1718 1092 1756 quae
1107 1707 1208 1745 haud
1223 1708 1290 1746 du-

29 1760 89 1799 bie
104 1759 188 1800 sunt
200 1761 410 1800 certamina
419 1791 430 1808 ,
454 1759 494 1799 δι
506 1759 584 1798 ludi
595 1758 774 1798 funebres
787 1759 827 1797 in
844 1758 979 1797 funere
992 1758 1156 1798 Patrocli
1171 1761 1218 1799 ab
1234 1762 1289 1800 A-

27 1814 137 1853 chille
158 1815 338 1859 instituti,
359 1827 460 1865 quos
481 1812 639 1866 copiose
660 1824 941 1852 commemorat
961 1812 1158 1853 Homerus
1178 1814 1218 1854 Il.
1232 1819 1286 1853 Ψ.

0 1892 2 1901 ι
27 1865 130 1906 ΙΕΝε.
148 1869 280 1906 Ξενίοις
296 1867 338 1907 L.
352 1867 507 1920 Reliqui
522 1879 638 1918 prave
656 1865 802 1917 ξενίαις.
828 1865 986 1905 SOLAN.

81 1924 154 1960 ead.
171 1923 194 1960 l.
205 1936 242 1971 7.
255 1921 519 1973 Ἐργαζ-ὅμενος
534 1918 660 1972 αὐτῷ)
683 1920 816 1959 Scribo
829 1919 1066 1972 ἐργαζέμςνος
1083 1917 1199 1969 αὑτῷ,
1212 1921 1234 1959 ἰ.
1250 1935 1287 1961 e.

25 1975 103 2026 fitis
117 1975 345 2026 rebusfavens
356 1990 371 2021 ,·
380 1975 515 2025 fizisssmt
524 1975 592 2012 cela
600 1989 692 2027 pour
698 1974 765 2025 fim
781 1975 896 2013 intere‘t
903 1973 1108 2025 particulier.
1119 1973 1187 2014 GU
1194 1986 1287 2014 ΥΕΤ.

29 2028 68 2068 Si
89 2028 214 2080 plures
234 2029 319 2067 libri
335 2029 568 2074 addicerent,
593 2041 669 2066 non
691 2027 904 2079 respuerem
925 2027 1016 2065 illud
1031 2026 1160 2075 εὔνους,
1180 2030 1290 2080 quod

29 2094 148 2134 marg.
165 2084 248 2121 Ald.
269 2083 370 2134 [Veff
387 2083 520 2129 habet3
542 2094 678 2120 verum
703 2083 795 2134 quia
815 2081 856 2119 δι
876 2080 1001 2119 Pelleti
1023 2081 1153 2130 φίλως
1169 2082 1290 2133 gloffa

29 2136 223 2175 nonnullis
235 2137 441 2179 videbitur,
457 2137 569 2174 etiam
582 2136 658 2174 hoc
673 2149 744 2187 pro
757 2134 975 2187 glossemate
989 2134 1118 2173 haberi
1132 2137 1288 2186 poterit.

31 2189 228 2241 Quamvis
239 2203 271 2230 c.
293 2203 336 2242 55
352 2194 484 2240 φίλους
504 2190 787 2242 ἀπεργάζεται,
809 2188 851 2227 &
874 2188 962 2226 alibi
982 2191 1111 2238 φίλως
1133 2191 1194 2240 ἐρ’)
1204 2189 1290 2239 άξε-

32 2247 136 2288 σὲαι,
148 2242 381 2296 frequentius
394 2254 586 2288 occurrat,
596 2242 768 2281 nondum
779 2253 905 2281 tamen
918 2242 1141 2280 alterutrum
1155 2242 1292 2282 Lucia-

30 2309 84 2335 no
96 2296 234 2345 insero,
247 2299 336 2336 dum
351 2297 430 2347 spes
443 2296 511 2343 est,
531 2297 758 2349 ἐργάζεσῧοιι
772 2297 857 2334 τινὰ
873 2292 974 2344 αὐτῷ
990 2307 1060 2346 pro
1071 2296 1214 2347 aliquem
1224 2296 1292 2348 fibi

33 2351 216 2398 conciliare,
225 2351 304 2390 aliis
314 2351 537 2390 testimoniis
548 2348 826 2402 probaripoffe.
842 2347 967 2400 Quod
980 2360 1107 2387 autem
1120 2349 1210 2388 lens..
1224 2350 1292 2398 ait,

30 2403 247 2443 Graevium
261 2403 432 2457 probaffe
444 2433 455 2450 ‚
483 2404 520 2442 id
534 2404 657 2442 minus
669 2415 845 2443 accurate
860 2405 936 2440 huc
948 2402 1165 2454 applicavit.
1188 2402 1293 2442 Nam

32 2455 174 2498 Graev.
189 2461 235 2498 ad
247 2457 401 2498 Hefiod.
417 2458 557 2511 probat
577 2468 727 2497 tantum
741 2486 753 2506 ,
774 2456 1001 2547 {pydtgecgagle
1022 2454 1095 2495 effe
1108 2456 1218 2496 labore
1231 2472 1298 2502 ac-.

1023 2523 1043 2547 2
