1730 3326
409 233 502 295 438
602 197 1475 278 ANNOTATIONES

408 320 480 373 cit)
494 320 634 360 vixerit
649 320 927 372 propemodum
941 320 986 359 ad
998 319 1112 359 finem
1126 321 1244 372 usque
1259 320 1355 360 illius
1370 320 1503 367 seculi,
1523 321 1667 362 nece'ffe

407 373 472 412 est.
500 374 569 412 Per
587 374 670 413 τοὺς
695 375 802 424 ἐμοὺς
825 386 875 412 an
903 374 1044 412 liberos
1064 373 1246 426 designet,
1274 375 1396 413 adhuc
1418 376 1570 416 dubito:
1597 375 1665 414 filii

407 427 508 466 enim
531 428 700 467 meminit
720 428 799 479 ipso
816 427 915 466 Eun.
929 426 1026 473 fine,
1044 439 1077 466 c.
1094 441 1150 479 ¹3·
1174 426 1320 466 Confer
1337 440 1424 466 eum
1444 432 1561 479 Moexp.
1579 442 1611 469 c.
1627 442 1671 473 ι,

407 481 475 520 ubi
496 481 627 520 eadem
646 480 787 534 phrasis
810 481 990 520 occurrit.
1014 480 1123 518 Adde
1146 480 1206 519 hic
1226 481 1355 519 locum
1376 482 1413 520 in
1441 486 1598 533 Συγγρ.
1613 493 1665 520 ex

407 547 488 586 quo
504 538 627 586 patet,
641 536 678 574 in
694 535 800 574 illum
816 535 864 574 A.
877 532 924 572 C.
939 534 1103 573 incidere
1119 533 1218 573 hunc
1235 534 1407 572 reditum.
1423 533 1578 573 SOLAN.

463 588 552 640 Pag.
571 601 583 625 1
595 602 609 626 1
623 601 652 637 5.
671 589 694 626 l.
713 602 748 626 2.
760 588 860 625 Ἐπεὶ
875 586 918 624 δὲ
932 589 1034 624 κατὰ
1045 588 1158 636 μέσον
1171 590 1232 624 τὶν
1245 588 1351 637 πόρον
1366 587 1414 639 ἐγ
1423 587 1564 639 ενόμην)
1579 589 1664 626 Cum

406 641 474 679 iam
488 642 626 680 mediam
636 653 764 692 partem
779 641 1007 690 navigationis
1022 639 1234 692 confecissem.
1252 640 1312 680 Sic
1331 640 1468 680 teflius
1487 641 1543 680 ed.
1566 642 1662 680 Flor.

406 707 523 748 quam
541 695 634 734 aliae
648 709 758 745 μέσον
771 698 831 731 τὀν
843 693 989 732 πόντον.
1003 693 1174 734 GRAEV.

459 748 538 786 ibid.
552 748 679 801 Πόρον)
694 748 736 787 L.
752 748 794 787 δι
809 748 863 785 Fl.
878 747 941 786 Sic
953 746 1039 786 Ἱστ.
1054 762 1092 785 οι.
1109 760 1141 786 c.
1156 761 1169 785 1
1179 762 1214 794 2,
1231 749 1336 786 κατὰ,
1344 747 1457 795 μέσον
1469 750 1530 785 τὶν
1543 746 1668 799 πόρον,

405 801 446 839 in
462 801 542 840 aliis
556 802 701 840 πόντον·
716 814 757 840 nt
770 801 835 840 Ἐν.
851 800 890 839 ὃ.
907 800 929 838 8
941 830 952 847 ,
968 800 1048 839 ἐπεὶ
1066 803 1170 838 κατὰ
1191 801 1302 849 μέσον
1324 803 1368 838 *rb
1384 800 1551 853 Αἱγιοιῖον
1573 801 1666 855 ἑγέέ

405 868 518 894 νοντο·
533 856 658 893 minus
669 854 875 893 commode
888 854 947 893 hic
985 854 1125 893 uidem.
1142 854 1298 893 SOLAN.

459 911 531 946 ead.
548 909 571 947 l.
591 907 858 961 13.Ἐφ’ὃπες)
874 906 961 947 Con
981 938 988 945 .
1006 906 1117 957 supra
1133 920 1213 959 cap.
1235 920 1277 960 53
1300 906 1412 946 huius
1429 905 1579 947 Differt.
1596 906 1665 948 ubi

406 974 611 1001 monemus
621 993 631 1009 ,
648 961 729 1009 ἐφ’ὃ
743 963 781 1001 &
795 962 856 1011 ἐφ’
872 958 898 1010 ᾧ
914 960 1126 1016 promiscue
1141 961 1225 1000 dici.
1240 960 1387 1000 Rmrz.
1661 1011 1665 1014 ι

458 1019 533 1054 ead.
547 1016 569 1054 l.
587 1029 643 1063 14.
657 1014 908 1065 Καταθεμενος
921 1015 966 1054 δὲ
982 1012 1079 1063 ὑμᾶς
1096 1016 1130 1053 ἐν
1152 1013 1358 1067 Αἰγιαλοῖς,
1372 1009 1418 1054 ὃν
1434 1014 1496 1053 καὶ
1511 1013 1526 1053 ὃ
1548 1016 1664 1054 name

397 1068 556 1120 ’Όμηρος
565 1072 757 1119 μέμνηται
769 1100 782 1115 ,
796 1068 910 1108 ὀπίσω
925 1067 1154 1121 ἀπήλαυνεν)
1168 1070 1347 1120 Expositis
1357 1081 1468 1108 autem
1482 1068 1518 1106 in
1530 1068 1665 1121 Aegia-

405 1124 469 1171 los,
486 1138 623 1176 quorum
637 1125 735 1162 etiam
755 1123 903 1175 egregius
921 1122 1096 1161 Homerus
1117 1123 1282 1168 meminit,
1298 1123 1359 1160 iter
1379 1122 1501 1172 relegit.
1523 1120 1585 1161 Sic
1605 1122 1663 1160 in*

405 1188 558 1228 terpres.
574 1177 656 1216 Nec
670 1177 848 1229 improbo
858 1205 869 1222 ‚
889 1175 960 1215 nist
973 1176 1077 1229 quod
1091 1176 1128 1214 in
1143 1177 1303 1227 Aegialis
1320 1175 1546 1216 vertendum
1558 1205 1569 1221 ,
1583 1187 1663 1215 non

403 1231 583 1282 Aegialos.
598 1230 669 1269 Sed
689 1243 786 1282 quae
808 1240 989 1269 notarunt
1006 1231 1049 1268 ad
1069 1230 1170 1269 hunc
1193 1230 1322 1270 locum
1335 1260 1346 1278 ‚
1362 1227 1467 1282 quasi
1486 1228 1663 1281 loquere·

403 1293 467 1322 tur
481 1284 526 1322 de
541 1282 826 1335 Peloponneso,
845 1295 944 1335 quae
959 1283 1129 1336 Aegialia
1143 1284 1237 1322 olim
1252 1283 1346 1322 dicia
1357 1312 1368 1330 ,
1393 1295 1471 1322 non
1487 1281 1573 1321 sunt
1584 1281 1664 1321 cas-

402 1335 439 1374 sa
454 1349 555 1376 nuce
576 1337 703 1389 digna.
723 1337 906 1389 Aegialos
925 1334 995 1374 fuit
1014 1336 1127 1376 locus
1141 1337 1180 1375 in
1198 1337 1308 1376 litore
1322 1336 1431 1376 Ponti
1444 1336 1604 1381 Euxini,
1620 1337 1663 1376 in

401 1403 486 1441 quo
505 1389 595 1429 situs
611 1404 769 1442 quoque
785 1390 857 1430 fuit
878 1402 997 1443 pagus
1010 1389 1177 1429 eiusdem
1198 1391 1385 1437 nominis,
1403 1390 1512 1430 cuius
1533 1391 1664 1428 memi-

401 1444 456 1482 nit
473 1445 670 1483 Homerus
683 1445 725 1483 ΙΙ.
741 1449 763 1482 Β
774 1474 787 1492 ,
802 1443 823 1482 8
834 1457 848 1494 5
860 1457 890 1493 5.
904 1442 952 1481 Et
966 1444 1033 1494 qui
1047 1443 1092 1482 sit
1110 1444 1241 1491 locus,
1259 1445 1411 1496 egregie
1428 1444 1538 1484 docet
1558 1442 1661 1482 Stra·

402 1497 457 1536 bo
471 1498 533 1536 lib.
559 1498 617 1546 X,
638 1499 674 1536 in
698 1497 952 1550 descriptione
967 1497 1096 1536 Ponti:
1113 1497 1129 1536 ὃ
1148 1497 1191 1536 ἑὲ
1207 1498 1385 1551 Αἰγιαλός
1401 1496 1481 1537 ἐστι
1491 1497 1558 1547 μὲν
1573 1494 1660 1536 ἠιὼν

398 1554 544 1603 μακρὰ,
561 1551 734 1591 πλειόνων
750 1553 767 1592 η
781 1550 911 1591 ἑκατὸν
922 1551 1098 1590 σταδίων.
1111 1550 1193 1604 ἔχει
1208 1551 1253 1590 δὲ
1269 1551 1392 1601 κώμην
1405 1549 1602 1600 ὁμώνυμον,
1616 1546 1660 1590 ἶῖς

398 1604 590 1654 μέμνηται
613 1605 628 1643 ὃ
651 1605 824 1654 ποιητὴς,
842 1605 932 1644 ὅταν
953 1604 1021 1654 <pii-
1039 1628 1082 1634 —
1098 1606 1270 1656 Κρώμναν
1284 1605 1321 1643 τ’
1334 1604 1511 1657 Αἰγιαλόν
1531 1618 1573 1643 τε
1594 1603 1661 1644 καὶ

398 1656 569 1707 ὑψηλοὺς
582 1659 766 1710 ἑρυὸίνους.
777 1659 959 1711 Γρὰφουσι
974 1658 1020 1697 δέ
1030 1672 1138 1698 τινες·
1149 1660 1315 1709 Κρώμναν
1327 1657 1508 1704 xenaiam
1519 1671 1575 1696 τε.
1589 1658 1661 1697 Ae-

396 1712 513 1763 gialus
529 1715 573 1765 est
585 1713 667 1752 litus
683 1714 815 1765 longius
834 1725 961 1752 centum
967 1713 1100 1766 stadiis.
1112 1712 1232 1752 Habet
1240 1726 1351 1752 autem
1363 1713 1585 1766 cognominem
1593 1725 1659 1762 pa-

395 1778 475 1817 gum
486 1797 498 1812 ,
514 1767 612 1806 cuius
631 1768 777 1806 meminit
789 1767 962 1806 Homerus
974 1768 1028 1805 his
1041 1767 1168 1805 verbis.-
1185 1768 1360 1806 cromnam
1375 1767 1410 1806 δ’
1423 1766 1607 1815 Aegialum
1620 1766 1657 1805 ὢ

397 1822 488 1860 altos
501 1823 535 1859 E
538 1821 706 1874 rithynos.
721 1821 879 1860 Scribant
889 1832 1001 1859 autem
1019 1821 1195 1859 nonnulli:
1212 1822 1387 1860 cromnam
1406 1819 1651 1872 Cobialumque.

395 1874 470 1913 Sed
486 1874 608 1921 vides,
620 1875 834 1915 Lucianum
852 1875 913 1914 hic
925 1875 1021 1913 tueri
1032 1873 1227 1926 vulgatam
1242 1875 1405 1913 Homeri
1420 1873 1657 1924 scripturam,

393 1927 463 1967 nisi
475 1928 580 1980 quod
593 1941 756 1969 numero
769 1927 1021 1968 multitudinis
1033 1939 1177 1973 utatur,
1192 1941 1263 1979 pro
1277 1928 1430 1968 unitate.
1443 1927 1618 1968 GRAEV.

448 1983 527 2021 ibid.
547 1982 602 2020 Ἐν
620 1982 840 2035 Αἰγιαλοῖς)
864 1982 1070 2033 Aegialeus
1088 1981 1302 2029 Phoronei,
1325 1981 1411 2030 seu,
1435 1993 1477 2021 ut
1497 1981 1560 2020 alii
1582 1993 1656 2020 vo-

393 2034 502 2082 lunt,
516 2036 643 2075 Inachi
657 2037 756 2076 filius
768 2035 861 2082 fuit,
883 2036 949 2076 cui
963 2036 1078 2088 Apis,
1100 2048 1191 2074 cum
1212 2036 1251 2074 in
1266 2035 1489 2087 Aegyptum
1513 2035 1656 2074 traiice-

393 2101 476 2135 ret‚
491 2102 652 2141 regnum
672 2091 913 2142 Argivorum
936 2089 1096 2142 reliquit.
1113 2089 1177 2128 Ab
1188 2102 1238 2129 eo
1253 2089 1433 2142 Aegialea
1452 2089 1655 2141 cognomi-

392 2154 482 2182 nata
492 2142 580 2190 fuit,
591 2157 690 2196 quae
703 2143 832 2196 postea
844 2157 866 2182 a
877 2143 1018 2195 Pelope
1029 2142 1313 2195 Peloponnesos
1323 2143 1419 2182 dieta
1429 2141 1493 2182 est.
1506 2141 1653 2182 COGN.

445 2201 520 2237 ead.
533 2199 556 2235 l.
576 2212 589 2236 1
603 2210 633 2249 5.
650 2197 951 2251 ΚαλὸςὍμηρος)
963 2196 1164 2236 Pulchrum
1177 2197 1348 2236 nominat
1363 2197 1594 2242 Homerum,
1605 2205 1652 2235 ut

393 2250 549 2304 Sappho
562 2251 749 2302 poetriam
769 2252 965 2303 pulchram
979 2262 1125 2290 vocare
1142 2249 1285 2290 solebat
1301 2250 1476 2290 Socrates
1491 2263 1549 2302 ap.
1565 2249 1652 2288 Ma-

391 2306 538 2345 ximum
552 2305 718 2356 Tyrium
731 2335 742 2349 ,
756 2304 835 2344 diff.
849 2305 872 2344 8
886 2335 898 2351 ,
915 2319 950 2357 p.
965 2318 1016 2357 90
1029 2303 1159 2344 Davis.
1173 2304 1242 2343 sibe.
1255 2304 1319 2343 τὴν
1331 2301 1420 2356 ὥραν
1434 2303 1504 2343 τῶν
1513 2302 1652 2353 μελῶν,

392 2358 460 2397 καί
473 2373 528 2397 τοι
550 2361 682 2409 μικρὰν
701 2354 814 2398 οὖσαν
834 2360 897 2398 καὶ
910 2361 1107 2408 μέλαιναν.
1131 2359 1257 2400 Locus
1275 2359 1438 2398 Homeri
1451 2357 1506 2398 est
1526 2358 1568 2396 in
1582 2369 1649 2396 na-

392 2413 501 2450 vium
518 2412 710 2464 Catalogo
723 2413 763 2452 11.
780 2417 802 2451 B
815 2443 826 2459 ‚
839 2412 860 2451 8
870 2426 885 2463 5
896 2425 927 2463 5.
941 2412 1067 2453 Gnsn.

446 2466 537 2517 Pag.
552 2479 566 2504 1
582 2467 637 2506 16.
654 2468 678 2505 l.
696 2480 710 2505 1
719 2495 728 2504 .
744 2464 968 2518 Εὐπάτορος)
980 2466 1104 2506 Huius
1119 2466 1216 2518 regis
1226 2464 1345 2505 exstat
1357 2477 1538 2505 nummus
1547 2463 1649 2517 apud

391 2517 529 2573 Spanh.
545 2532 639 2574 490,
651 2533 732 2574 quo
752 2521 809 2562 vir
822 2519 953 2561 illustr.
967 2520 1071 2560 hunc
1084 2520 1214 2561 locum
1230 2520 1324 2562 mire
1341 2518 1509 2561 illustrat.
1524 2516 1650 2561 Cusus
