1730 3326
349 196 439 260 586
544 196 1418 245 ANNOTATIONES

343 285 503 325 adeatur
517 284 632 325 Periz.
655 286 700 325 ad
721 285 873 326 Aelian.
892 285 968 331 111,
988 299 1054 337 47,
1069 286 1242 327 κλέπτων
1262 288 1326 330 τὶν
1339 287 1411 328 τῶν
1426 286 1614 328 Ἀθηναίων

341 340 528 389 τείχισιν.
552 338 700 378 REITZ.

399 394 479 430 ibid.
492 391 764 444 Λαρυγγέζων)
778 391 878 431 Vide
895 390 1005 444 supra
1021 405 1053 432 c.
1069 407 1131 433 22.
1146 393 1304 434 SOLAN.
1317 393 1494 434 Aeschini
1513 394 1614 434 obii-

341 445 393 486 cit
407 445 685 485 Demosthenes
699 459 770 498 pro
788 457 936 484 corona
954 459 986 485 c.
1004 459 1079 497 90,
1093 447 1237 496 ἐπάρας
1251 448 1315 486 τὴν
1332 448 1451 497 φωνην
1466 463 1529 487 και
1541 462 1614 501 γε·

343 499 479 552 γηθὼς,
493 499 559 538 καὶ
573 499 829 552 λαρυγγίζων.
845 497 978 538 Refert
990 499 1104 538 etiam
1121 499 1210 539 Plin.
1233 499 1300 552 Ep.
1317 517 1364 549 4,
1379 514 1420 548 7,
1434 502 1469 540 6.
1484 501 1616 541 GESN.

397 554 473 591 ea.d
490 553 514 591 l.
529 566 565 601 7.
580 554 638 590 Δι’
651 552 868 604 ἀφροσύνην)
885 551 944 591 Sic
957 552 1184 612 Populia-M.
1202 553 1243 591 F.
1261 554 1359 605 apud
1375 555 1550 594 Macrob.
1565 569 1614 604 2,

349 618 366 657 ς
386 618 483 644 extr.
499 607 546 645 acl
561 605 714 645 similem
729 605 982 647 obtectionem
998 618 1019 644 a
1040 606 1155 646 mutis
1175 606 1434 647 animantibus
1450 606 1614 648 sumtam

344 659 569 712 relpondet,
582 660 711 699 Bestiae
725 658 1053 710 en.mfitntG1-LSN.

401 716 473 751 ead
489 714 512 752 l.
535 728 549 751 1
563 727 594 751 1.
610 713 679 750 Καὶ
691 714 807 763 μέσην
821 712 950 752 ἑστίαιν
965 711 1036 752 τῶν
1049 735 1093 742 -
1108 712 1231 765 οικων)
1243 712 1342 752 Addi
1358 711 1481 765 potest
1492 713 1550 754 hic
1563 713 1619 754 lo·

343 779 436 811 cus,
461 766 657 805 dexesta
651 779 688 804 in
711 767 831 805 media
855 767 994 805 domus
1018 778 1123 818 parte
1144 767 1245 805 culta
1257 726 1381 814 ,hiS,p
1385 779 1484 819 quae
1502 767 1616 807 habet

343 820 495 881 Spafilie
501 834 546 858 m.
564 820 698 859 tumin
715 820 819 859 diatr.
841 819 886 859 de
900 818 1162 871 Vesta&Pry
1166 832 1191 858 t.
1211 819 1282 860 Gr.
1303 832 1386 858 tum
1406 821 1450 859 ad
1463 820 1616 860 Callim.

345 873 429 912 Η.Ξ
438 887 457 911 Ξ
473 873 558 912 Del
574 886 665 925 325,
679 886 764 926 pag.
779 887 867 926 523·
860 903 872 920 ‚
892 874 1059 925 item1ue
1079 873 1173 912 alius
1187 885 1208 912 e
1221 874 1382 913 Scholiis
1399 875 1444 912 ad
1459 873 1615 914 Hefiodi

344 926 410 965 Th
386 928 554 979 heogon
574 942 674 980 454,
690 928 756 965 ubi
772 926 920 966 causam
936 927 1054 966 reddit
1069 938 1138 965 cur
1153 925 1261 966 ἑστίαι
1273 927 1386 966 etiam
1403 927 1617 993 appelletur

343 969 477 1020 Terra
481 981 618 1029 Mater,
637 979 769 1028 Ceres,
786 977 980 1031 Δημητκς,
992 981 1083 1030 παρ’
1100 979 1180 1018 ’ὅσον
1194 978 1259 1018 τοῦ
1273 995 1418 1020 παντος
1431 995 1494 1019 τον
1503 995 1618 1031 μέσον

345 1045 531 1087 λαχουῖα.
547 1049 660 1072 ‘tovos‘
679 1049 698 1074 11
722 1048 992 1087 γ17,σ“7άσ”ἒωῖ
1015 1049 1078 1072 καλ
1090 1048 1200 1083 μον71ἷ
1215 1033 1324 1073 2177!oe
1343 1034 1424 1073 {6²71
1446 1046 1523 1073 7015
1543 1035 1618 1074 ἄυλ-

343 1099 439 1127 λοις.
458 1086 670 1126 Ceterum
656 1092 782 1130 εστῐαν
797 1085 822 1126 s.
839 1086 993 1126 Vestam
1010 1088 1071 1127 hic
1087 1087 1314 1140 respondere
1327 1087 1530 1132 Penatibus,
1545 1088 1619 1126 La-

341 1141 500 1193 abusque
515 1141 786 1181 Romanorum
807 1141 1025 1188 hominum,
1043 1142 1159 1180 οὶκους
1177 1152 1304 1180 autem
1321 1141 1450 1180 eadem
1466 1142 1617 1180 ratione

344 1207 420 1247 pro
437 1195 610 1244 pluribus
626 1195 804 1233 membris
818 1195 933 1233 unius
947 1195 1086 1234 domus
1099 1195 1212 1246 poni,
1237 1206 1278 1233 ut
1293 1198 1388 1233 aedes
1405 1195 1613 1234 Romanis·
1603 1224 1617 1242 ‚

344 1261 414 1286 vix
428 1261 527 1301 opus
539 1247 592 1287 est
607 1248 666 1288 hic
677 1248 891 1288 admoneri:
907 1259 950 1286 ut
965 1260 1033 1287 nec
1050 1248 1161 1294 illud,
1179 1247 1357 1300 separatis
1381 1259 1516 1288 revera
1532 1248 1619 1308 plu·
1685 1285 1687 1287 .

345 1302 453 1341 ribus
473 1302 647 1341 aediculis
666 1302 775 1341 aedes
794 1301 1054 1341 honestiorum
1073 1301 1298 1347 constitisse,
1314 1315 1390 1354 qua
1409 1303 1455 1341 de
1471 1314 1535 1348 re,
1550 1301 1619 1354 qui

346 1354 443 1395 Plini
436 1368 539 1395 ¹anas
559 1355 693 1402 villas,
710 1356 750 1395 &
765 1354 983 1394 aedificandi
1003 1355 1125 1408 legem
1139 1368 1159 1394 a
1173 1354 1481 1407 Columellal,9
1491 1368 1619 1408 ,pro-

347 1407 510 1469 posnam
529 1410 708 1448 attentius
719 1408 1036 1456 consideraverit,
1053 1410 1117 1447 vix
1131 1408 1184 1447 est
1197 1419 1239 1447 ut
1253 1409 1411 1447 dubitet.
1425 1369 1518 1448 ffl9u³d
1535 1421 1620 1471 pro-

347 1463 435 1512 pius
449 1463 493 1502 ad
508 1476 587 1502 rem
602 1462 767 1502 nostram
785 1464 957 1516 pertinet.
972 1463 1007 1501 V
1013 1462 1085 1502 erti
1100 1463 1201 1501 hunc
1217 1462 1375 1502 locum
1368 1474 1432 1510 ita,
1449 1474 1492 1501 ut
1500 1463 1622 1512 μέσην

347 1515 479 1556 ἑστίαν
495 1516 658 1556 referam
671 1517 716 1556 ad
728 1516 966 1567 ἓειμέιμενοι,
981 1530 1024 1556 ac
1038 1516 1161 1569 legam
1173 1516 1277 1554 οὶκων
1292 1515 1407 1562 ἰδίων,
1418 1516 1523 1578 quod
1538 1516 1621 1555 uni-

348 1583 394 1610 ce
410 1583 547 1610 verum
563 1583 671 1631 puto.
687 1570 760 1610 Sed
774 1570 801 1609 fi
817 1571 925 1623 quis,
940 1581 984 1609 ut
1000 1570 1123 1610 adhuc
1138 1569 1282 1609 editum
1298 1569 1372 1618 est,
1385 1569 1489 1609 οἰκῶν
1508 1569 1620 1622 prae-

345 1623 464 1670 ferat,
479 1624 540 1664 ille
552 1626 690 1672 etiam,
705 1636 748 1664 ut
762 1624 885 1664 adhue
903 1622 1044 1664 fastum
1062 1622 1195 1671 video,
1211 1623 1535 1675 interpretabitur,
1555 1638 1620 1662 me·

348 1679 423 1718 dios
434 1679 590 1729 privatae
613 1684 731 1717 domus
747 1692 884 1731 penates
899 1678 1057 1716 incolens.
1075 1678 1222 1728 Nempe
1246 1680 1297 1715 τὰ
1310 1676 1393 1715 'ism
1408 1677 1620 1716 deindedo-

350 1747 440 1776 mum
456 1730 739 1785 significabunt,
759 1733 824 1771 vel
839 1743 966 1771 totum
990 1731 1091 1770 forte
1113 1731 1335 1783 praedium,
1353 1732 1390 1769 in
1406 1731 1516 1770 cuius
1538 1743 1621 1770 me-

349 1786 410 1825 dia
431 1797 537 1839 parte
551 1786 689 1825 domus
707 1784 895 1825 exstru&a
909 1784 964 1823 sit.
984 1786 1132 1825 Notum
1145 1783 1200 1823 est
1215 1784 1303 1823 illud
1318 1796 1367 1824 ex
1380 1784 1538 1837 Evang>
1517 1783 1620 1833 elio,

350 1833 434 1881 md?
420 1840 517 1879 ἐνεὶς
530 1840 692 1879 misus.
706 1854 740 1877 κ.
754 1855 791 1878 τ.
810 1851 844 1878 λ.
859 1838 984 1879 GESN.

408 1894 502 1944 Pag.
518 1907 606 1946 299.
622 1895 645 1932 l.
659 1893 694 1931 8.
706 1895 785 1944 'O
769 1892 803 1923 '⁸⁶
789 1906 879 1943 μεν
891 1891 1058 1944 ηλινικς)
1070 1890 1188 1932 Conf.
1202 1890 1283 1931 Cic.
1296 1889 1410 1931 Tusc.
1424 1889 1530 1944 Disp.
1542 1890 1620 1939 IV,

349 1960 383 1987 c.
400 1961 461 1999 33,
477 1947 607 1998 ibique
622 1917 785 1987 Davisfr
768 1959 883 2000 quem
899 1946 1113 1986 adeundum
1131 1943 1343 1986 Hemsterh.
1361 1945 1400 1983 in
1415 1957 1534 1998 marg.
1548 1957 1622 1984 no·

351 2010 418 2040 tav
423 2013 516 2041 erat.
531 2001 677 2040 Rmrz.

406 2057 480 2094 ead.
492 2056 514 2093 l
531 2068 589 2095 10.
608 2064 778 2094 Διπλους
793 2053 894 2106 θεας)
911 2051 1028 2092 Conf.
1043 2051 1137 2092 infra
1153 2060 1254 2103 Δημ.
1275 2065 1307 2092 c
1326 2065 1386 2106 13.
1400 2053 1558 2092 SOLAN.

407 2109 498 2160 Pag.
514 2122 601 2161 300.
615 2111 637 2147 l.
655 2122 693 2157 7.
706 2107 918 2160 Τραγικον)
942 2107 1054 2146 Unde
1075 2107 1211 2146 habeat
1225 2105 1360 2146 nescio
1383 2106 1542 2146 SOLAN.
1564 2106 1623 2146 Ex

351 2161 535 2214 Sophocl.
549 2163 681 2214 Antig.
697 2160 949 2214 adscriptum
942 2173 980 2199 in
996 2172 1115 2212 marg.
1135 2163 1185 2199 A.
1196 2164 1278 2200 th.
1294 2173 1412 2214 quem
1431 2161 1621 2201 evolvere

352 2226 401 2267 ty
405 2216 654 2268 pothetarum
671 2215 858 2254 festinatio
873 2214 1063 2266 prohibet.
1077 2215 1223 2253 Rfilrz.

408 2273 482 2308 ead.
496 2272 518 2308 l.
537 2284 596 2309 11.
609 2270 744 2323 Αἰδὼς)
757 2268 910 2308 Hesiod.
921 2269 956 2306 Ἐ
956 2282 1058 2320 pm
1040 2282 1126 2319 3.17
1139 2266 1247 2309 Vers.
1261 2265 1559 2320 sequensautem
1572 2280 1622 2308 ex

353 2324 441 2362 eod.
458 2338 496 2363 ν.
514 2338 528 2363 1
542 2338 573 2363 1.
587 2324 652 2374 Op
655 2337 676 2363 e
690 2335 770 2362 text
774 2336 818 2362 us
835 2322 1013 2362 Hefiodei
1027 2321 1069 2360 δι
1083 2323 1153 2361 W.
1164 2320 1320 2362 Codicis
1334 2322 1468 2360 menda
1483 2321 1562 2362 duo
1572 2334 1623 2361 ex

354 2377 455 2417 hisce
472 2379 598 2417 verbis
613 2377 849 2423 sustulimus,
864 2377 901 2414 in
918 2375 995 2414 δύω
1015 2375 1084 2414 δι’
1070 2373 1302 2422 mamacas,
1320 2373 1506 2426 posterius
1517 2388 1620 2415 emm

355 2439 458 2470 reete
473 2432 511 2470 in
526 2433 595 2470 W.
616 2428 668 2470 Οὔ
682 2446 751 2478 μην
771 2427 856 2469 οὗὲὲ
880 2441 1009 2469 autem
1032 2430 1278 2493 reliquimus,
1296 2428 1367 2467 &
1353 2429 1454 2470 εστὶν
1473 2428 1527 2480 ἓν,
1546 2440 1622 2484 pro

353 2485 492 2535 quibus
502 2486 603 2540 apud
614 2483 826 2528 Hesiodum
840 2479 905 2526 οὔκ.
917 2484 988 2537 ἀρα,
999 2498 1127 2536 (Aoum
1140 2482 1208 2527 ἔην.
1226 2482 1394 2526 δοιΑΝ.
