1730 3326
379 226 491 288 „476
600 221 1461 273 ANNOTATIONES

374 299 380 312 ¹
396 321 454 349 rer
462 310 641 362 scamina,
656 312 824 363 scabilla,
844 312 1011 365 scabella)
1031 324 1111 351 non
1127 323 1237 364 aegre
1254 310 1396 358 ferent,
1410 313 1475 364 qui
1494 312 1660 366 legerint

398 364 620 404 Rubenium
634 366 679 404 de
689 366 747 404 Re
756 365 847 404 vest.
858 380 896 411 2,
915 367 975 410 16,
989 366 1029 404 δι
1043 378 1141 417 quae
1154 366 1229 403 viri
1243 366 1342 404 doffi
1354 367 1398 405 ad
1413 366 1655 406 Sueton.Ca-

397 417 459 508 ἒς.
471 430 534 519 ἐξ.
554 418 728 510 {grmnine
742 415 926 469 ὑπόδημα
940 419 986 458 ad
1007 420 1170 458 eundem
1183 417 1291 458 usum
1304 419 1430 458 laudat
1444 419 1580 458 Noster
1598 420 1655 458 in-

417 482 455 507 ra
532 485 564 523 3.
627 482 712 510 ESN.

453 526 525 562 ead.
538 525 560 562 Ι.
578 537 592 561 ι
604 536 635 576 5.
646 522 870 577 Δημήτριον)
885 523 974 565 Vid.
989 524 1082 563 Phil.
1097 523 1320 564 Caroliobs.
1332 524 1370 562 in
1389 524 1438 564 A.
1451 525 1550 566 Gell.
1569 537 1600 565 c.
1618 536 1652 578 ς.

397 575 778 623 L.1An1madv.111‚
795 590 830 628 p.
845 591 908 626 41.
927 589 980 616 LA
994 577 1154 616 CRozE.

454 630 682 683 Pag.158.l.
703 644 732 668 ι.
755 630 847 670 Ταῖς
869 631 1022 682 χερσὶν)
1049 631 1151 670 Hinc
1173 631 1373 669 Lesbonax
1398 630 1658 681 Mitylenaeus

398 684 558 722 vocavit
573 696 641 723 eos
653 683 905 736 χειρόσὸφους,
921 685 958 722 &
981 684 1215 736 Lexiphanes
1231 683 1383 723 Luciani
1399 697 1435 736 p.
1458 697 1541 736 534.
1565 684 1658 736 Leg.

400 735 545 775 Athen.
560 750 591 776 c.
604 737 625 774 8
638 737 678 775 δι
699 738 741 776 ι6
754 736 816 775 lib.
834 750 866 782 1,
877 737 916 776 &
929 750 1009 788 cap.
1022 737 1086 776 ult.
1099 737 1161 775 lib.
1176 751 1209 784 4.
1220 736 1483 788 Cetera,quae
1493 737 1538 775 ad
1548 735 1657 776 salta-

399 790 542 828 tionem
556 789 733 841 speRanss
750 799 790 828 ut
806 790 850 829 de
865 789 1078 838 Baucismo‚
1094 790 1296 836 Betarmo,
1311 790 1488 836 Hormo,
1508 790 1548 830 δι
1560 790 1657 838 aliis,

401 841 521 882 fufius
535 843 634 881 alibi.
657 843 829 882 Eoum).

455 898 528 934 ead.
539 898 562 934 l.
580 898 615 936 6.
631 897 829 935 Βασιλιιιὸς
841 910 898 935 τις
911 893 1114 946 ἅνθρωπος)
1126 897 1231 935 Bene
1244 906 1375 935 monet
1390 894 1602 935 Hemsterh.
1618 896 1657 936 in

399 962 519 1001 marg.
541 950 755 1003 adeundum
772 950 812 988 L.
826 950 905 989 Bos
927 952 963 988 in
980 950 1123 1002 Evang.
1141 949 1235 988 Ioan
1248 949 1319 995 lv,
1329 949 1393 997 46.
1419 949 1473 988 lbi
1488 950 1587 988 enim
1606 950 1662 989 le.

402 1015 468 1055 gas
480 1032 489 1049 ‚
513 1003 575 1042 ml
589 1004 625 1042 ιἰν
638 1017 696 1042 τις
712 1004 908 1049 βασιλικὶς
923 1003 1000 1042 &c.
1016 1003 1077 1042 Ad
1095 1015 1195 1054 quae
1214 1002 1348 1042 Bofius
1362 1003 1414 1040 ita
1426 1014 1662 1042 commenta·

401 1067 485 1095 tur:
504 1058 584 1096 Non
594 1068 706 1109 putem
715 1072 776 1110 per
784 1057 978 1101 βασιλικὸν
992 1057 1131 1108 intelligi
1147 1056 1312 1095 aulicum
1324 1058 1579 1108 quendam‚five
1592 1057 1662 1096 mi-

401 1109 556 1148 nistrum
575 1111 720 1163 regium
734 1140 747 1157 ,
772 1124 810 1148 ut
822 1110 948 1162 Belgae
961 1111 1149 1161 interpretes
1162 1110 1197 1148 δ’
1208 1111 1352 1162 plerique
1365 1110 1426 1147 alii
1441 1110 1562 1147 volunt
1571 1125 1586 1156 ,·
1596 1111 1661 1160 fid

398 1164 516 1215 potius
528 1164 747 1216 quempiam
763 1175 811 1202 ex
827 1175 964 1214 genere
978 1165 1098 1216 regio,
1113 1175 1291 1215 agnatum
1307 1163 1469 1215 aliquem
1483 1163 1662 1204 Herodis.

404 1219 500 1255 ,Ναιη
515 1216 702 1261 βασιλικοὶ
719 1217 858 1256 Graecis
868 1218 1025 1256 dicuntur
1037 1218 1182 1268 velfilii,
1196 1218 1251 1256 vel
1270 1218 1388 1269 agnati
1402 1230 1528 1269 regum,
1545 1218 1661 1268 quales

403 1270 540 1307 Latinis
561 1269 726 1322 Regales
744 1270 966 1321 appellamur.
988 1271 1211 1326 Lucianusgse
1235 1271 1322 1309 Salt.
1341 1270 1405 1323 (h.
1427 1271 1451 1309 l.
1472 1281 1515 1308 ut
1527 1270 1662 1324 vides)

403 1323 561 1361 Achilles
576 1324 696 1361 Tatius
708 1325 748 1361 L.
765 1323 855 1370 VII,
871 1338 908 1375 p.
929 1340 1019 1375 447,
1037 1324 1143 1363 dixit.-
1167 1326 1203 1363 ἦν
1222 1322 1288 1363 τοῦ
1307 1322 1506 1367 βασιλικοῦ
1518 1325 1659 1376 γένους.

403 1377 464 1415 Sic
477 1377 511 1414 δ’
524 1376 687 1416 Herodot.
702 1377 720 1413 I
730 1407 741 1425 ‚
762 1391 837 1428 cap.
851 1390 912 1428 35,
937 1377 1023 1428 Φρὶξ
1033 1377 1101 1426 μὲν
1114 1376 1240 1429 γενεῇ,
1252 1379 1374 1430 ’γένεος
1391 1376 1435 1416 δὲ
1449 1377 1659 1421 βασιληῖου.

406 1430 583 1469 Ammian.
596 1431 716 1477 XVI,
734 1446 763 1468 c.
777 1445 828 1476 12,
843 1431 928 1469 Hos
941 1429 1194 1482 sequebantur
1207 1430 1392 1484 potestate
1407 1431 1571 1483 proximi
1587 1431 1665 1470 Re-

403 1497 471 1536 ges
483 1496 645 1523 numero
660 1484 847 1536 quinque,
857 1483 1075 1536 regalesque
1086 1484 1228 1523 decem.
1245 1485 1309 1523 Ad
1322 1500 1415 1536 quem
1427 1485 1534 1523 locum
1547 1485 1662 1523 videa-

406 1550 462 1576 tur
478 1537 642 1589 Valestus.
662 1537 777 1577 Addo
789 1537 991 1588 Chrysost.
1006 1538 1150 1577 Homil.
1167 1553 1184 1590 3
1197 1551 1229 1590 5,
1243 1539 1281 1576 in
1294 1538 1402 1577 loan.
1417 1549 1502 1590 pag.
1516 1538 1593 1590 697
1605 1539 1665 1577 ed.

404 1592 518 1631 Eton.
530 1591 594 1643 qui
609 1601 820 1643 utrumque
831 1590 1015 1643 defignari
1031 1591 1134 1643 poffe
1147 1593 1214 1637 ait,
1239 1591 1294 1630 his
1309 1591 1459 1630 verbis:
1481 1588 1582 1630 Ἤτοι
1599 1589 1667 1631 τοῦ

405 1647 539 1699 γένους
563 1645 608 1682 ὢν
631 1643 701 1683 τοῦ
721 1644 933 1692 βασιλικοῦ,
957 1645 1143 1697 ἣάξίωμέι
1157 1660 1196 1685 τι
1212 1644 1338 1697 ἀρχῆς
1353 1641 1468 1697 ἕτερον
1489 1641 1584 1683 οὕτω
1599 1660 1668 1685 κα.-

405 1697 576 1747 λοὺμενον
589 1696 705 1750 ἔχων.
732 1698 881 1737 REsz.

460 1754 532 1790 ead.
545 1752 566 1790 l⁴
586 1765 622 1801 9.
647 1751 845 1801 Ἡμιέλλην
860 1753 939 1805 γάρ
953 1766 1010 1791 τις
1022 1750 1080 1799 ὢν,
1097 1750 1293 1805 ἐτύγχανε
1310 1749 1465 1790 ὰυνεῖναι
1509 1751 1666 1792 Peffime

404 1805 457 1846 fic
470 1804 595 1844 nostra
613 1818 662 1845 ex
675 1805 731 1844 ed.
747 1804 986 1845 Salmurienfi
997 1836 1009 1852 ,
1021 1818 1110 1844 cum
1125 1807 1269 1857 optime
1281 1805 1449 1845 Bafileen
1466 1818 1498 1845 is
1517 1804 1668 1860 (ἧμιέλ-

405 1871 474 1900 λιιν
491 1859 567 1913 ’γάρ
583 1874 640 1899 τις
655 1858 699 1898 ὢν
711 1858 929 1912 ἐτύγχανε)
947 1858 1115 1898 συνεῖναι.
1140 1858 1283 1899 GRON.

461 1914 538 1951 ibid.
552 1912 734 1966 Συνιένοιι)
746 1913 816 1951 W.
829 1913 940 1953 reete.
958 1912 1112 1964 Reliqui
1129 1911 1298 1952 συνεῖναι.
1311 1911 1468 1953 SOLAN.
1484 1911 1666 1966 Συνιέναι)

406 1968 487 2005 Vix
503 1966 726 2006 dubitassem
739 1965 788 2006 fic
809 1965 970 2006 scribere
982 1967 1046 2005 vel
1059 1965 1136 2005 fine
1145 1965 1298 2006 Codice.
1315 1966 1374 2006 Sic
1384 1967 1484 2004 enirn
1501 1966 1600 2006 reste
1611 1965 1669 2006 su·

408 2034 476 2075 pra
492 2020 571 2070 §62
587 2020 667 2060 edd.
685 2019 1010 2060 habebant.Conf.
1020 2018 1186 2071 superius
1201 2019 1353 2071 Quom.
1364 2019 1461 2059 Hist.
1475 2033 1507 2059 c.
1523 2033 1584 2072 37,
1600 2020 1667 2060 ubi

408 2074 563 2114 συνεῖναι
578 2086 736 2127 quoque
760 2074 841 2113 edd.
859 2075 1005 2127 priores
1029 2087 1099 2126 pro
1115 2076 1280 2113 συνιέναι.
1302 2071 1374 2112 Sed
1393 2073 1493 2112 re&e
1512 2075 1669 2114 συνιέναι

407 2129 496 2168 ibid.
510 2141 590 2179 cap.
606 2142 668 2176 44.
692 2128 740 2167 Et
754 2127 888 2168 Abdic.
906 2141 985 2179 cap.
1001 2142 1016 2167 1
1028 2139 1061 2180 5,
1081 2137 1197 2179 atque
1209 2128 1308 2166 alibi.
1327 2127 1433 2166 Licet
1453 2126 1582 2166 rursus
1595 2139 1667 2178 pro

408 2195 460 2222 eo
477 2182 633 2221 συνεῖναι
650 2182 753 2233 legas
772 2182 810 2220 in
821 2183 902 2222 edd.
921 2180 1018 2222 infra
1038 2181 1250 2234 10v.Trag.
1266 2181 1281 2230 §
1300 2195 1364 2231 27,
1377 2181 1483 2233 quod
1498 2181 1549 2219 ibi
1565 2181 1670 2220 vide-

409 2238 546 2276 bimus.
566 2235 712 2275 Rmrz.

464 2290 554 2342 Pag.
569 2302 582 2326 ι
595 2303 652 2340 ς9.
664 2290 687 2327 l.
707 2302 736 2327 1.
750 2288 926 2329 Καθίκετο
937 2283 1071 2341 αὐτοῦ)
1087 2288 1146 2328 Sic
1157 2287 1372 2340 supra‘Epp..
1386 2300 1419 2327 c.
1434 2286 1496 2340 83.
1506 2286 1665 2327 SOLAN.

464 2345 537 2381 ead.
556 2344 580 2381 l.
598 2358 633 2392 4.
656 2344 766 2382 Κατὰ
777 2345 830 2382 τὰ
843 2344 880 2383 ἐι.
893 2342 949 2395 τ.)
973 2343 1026 2382 Ut
1041 2347 1106 2395 Πρ.
1127 2353 1163 2380 Α.
1181 2355 1262 2395 cap.
1280 2356 1300 2381 2
1314 2372 1326 2390 ‚
1340 2345 1423 2391 Τιμ.
1438 2353 1519 2394 cap.
1536 2355 1606 2394 33,
1626 2341 1670 2381 δι

411 2395 555 2450 paffim.
574 2396 730 2436 SOLAN.

464 2452 537 2489 ead.
558 2451 581 2488 l.
593 2450 628 2489 6.
644 2445 756 2503 oise)
769 2449 960 2503 Interpres
970 2449 1201 2502 Obsopoeus
1217 2449 1307 2501 legit
1322 2447 1345 2489 ἣ
1360 2447 1420 2496 st,
1436 2447 1553 2488 vertit
1566 2446 1668 2486 enim

411 2505 549 2543 athacc.
564 2503 732 2545 Gon-r.
744 2504 888 2552 Nemo,
900 2504 992 2544 haec
1009 2503 1096 2558 quid
1112 2503 1242 2553 velint,
1256 2501 1481 2556 assequatur.
1498 2500 1563 2542 Ed.
1574 2501 1671 2542 lunt.
