1730 3326
97 205 195 252 IN
259 207 375 254 DE
441 206 1294 272 SALTATIONE·473

35 294 128 346 quid
139 295 343 334 notabilius
356 294 541 335 addidisset
557 294 702 335 Hemst.
718 294 746 333 fi
768 294 804 333 in
819 295 1037 335 adornanda
1050 296 1121 335 hac
1136 296 1294 337 Luciani

33 347 198 387 editione
211 347 417 401 perexiffet.
431 348 575 387 RErrz.

89 404 161 440 ead.
175 402 196 439 l.
212 415 223 438 1
237 401 410 453 1.“Ocm1)
426 401 564 441 Nescio
575 400 667 454 quid
681 399 871 439 haefitarit
883 400 1045 441 solanus
1061 401 1200 449 noster,
1211 414 1292 442 tam

33 452 190 493 sollicite
207 455 243 492 in
267 455 341 494 hoc
359 455 519 494 verbum
538 455 746 507 inquirens.
766 454 885 492 Retste
898 456 997 493 enim
1016 456 1051 493 id
1072 455 1108 493 se
1130 456 1295 503 habere,

35 507 76 545 δι
92 506 305 559 significare
319 519 490 560 quotquot,
504 508 570 546 vix
581 520 811 559 quemquam
824 507 956 559 fugiet.
969 508 1025 546 Ita
1037 509 1139 547 enim
1156 531 1198 537 —
1214 508 1295 547 ὅσοι

35 562 117 598 Θεοί
133 560 203 599 εἰσ’
216 562 248 599 ἐν
261 561 441 611 Ὀλύμπῳ
456 562 573 600 Hom.
591 562 632 599 Il.
648 565 692 607 A,
709 562 780 611 566
792 590 806 606 ,
819 560 859 599 δι
876 561 938 600 vel
954 562 1094 600 centies
1107 562 1186 600 aliis
1200 562 1294 601 locis

33 613 132 666 apud
146 614 319 653 eundem.
343 614 482 653 Rmz.

89 669 162 705 ead.
172 667 193 705 l.
204 680 215 703 1
227 681 258 719 3.
269 667 469 719 Τειρεσίαν)
486 667 591 719 (Rex
601 665 824 715 Thebanus,
840 667 965 720 primo
978 666 1038 707 vir
1049 677 1146 715 erat,
1159 678 1198 705 at
1212 680 1296 718 per-

33 718 145 758 cuffis
159 721 360 771 anguibus,
404 734 475 759 uos
488 724 675 761 coeuntes
688 721 854 768 videbat,
871 721 990 759 statim
1012 722 1058 759 de
1070 721 1156 759 viro
1171 720 1292 760 faesus

34 784 116 811 erat
134 772 282 812 femina.
309 773 364 812 Po
410 787 530 813 annos
546 785 674 813 autem
693 773 833 826 septem
855 774 980 813 iisdem
996 775 1183 826 anguibus
1204 774 1294 814 vifis

33 826 222 865 &iterum
238 827 436 878 percuffis,
459 828 584 866 forma
602 828 709 879 prior
726 829 844 866 rediit.
867 828 983 867 Ovid.
999 829 1092 866 Met.
1113 827 1294 880 Ill,331.

34 880 184 933 Leedes.)
201 880 354 920 Hefiod.
367 881 497 934 Apoll.
514 881 581 926 111,
593 894 629 933 p.
641 895 690 933 79
701 881 744 920 B.
761 883 810 920 V.
828 886 865 919 N.
879 889 924 920 Δ.
941 880 1292 921 XXVIII.SOLAN.

87 936 160 972 ead.
173 935 196 972 l.
213 948 269 981 14.
282 934 350 972 Καὶ
363 938 406 973 τὸ
419 935 599 987 Ἀσσύριον
612 935 719 974 ἐκεῖνο
732 934 857 973 πένθος
868 935 1113 987 μεριζόμενον)
1128 935 1290 973 Lunum-

33 1002 95 1039 que
107 987 200 1026 illum
214 987 394 1039 Affyrium
407 988 563 1039 divisum.
589 987 696 1039 Quis
712 987 756 1026 fit
775 988 834 1026 ille
848 988 971 1026 lukius
991 987 1168 1038 Assyrius
1189 989 1293 1026 divi-

30 1039 111 1087 ὡς,
137 1053 215 1079 non
236 1041 343 1080 facile
361 1044 524 1094 reperias
540 1042 637 1093 apud
650 1041 861 1093 scriptores,
887 1042 1000 1092 Apud
1016 1043 1217 1093 Hyginum
1234 1054 1293 1080 ta-

32 1106 119 1133 men
140 1095 176 1132 in
192 1094 465 1134 Astronomico
478 1126 487 1142 ‚
513 1096 550 1133 in
570 1095 691 1146 capite
705 1096 749 1133 de
765 1095 851 1146 lyra
867 1094 1048 1147 legimus,
1069 1109 1117 1134 ex
1129 1096 1292 1147 quibus,

30 1147 96 1200 qui
114 1146 157 1185 s1t
170 1147 296 1187 ludius
307 1149 380 1195 ille,
395 1149 632 1201 intelligitur:
649 1149 821 1187 Nonnulli
832 1150 931 1187 etiam
943 1150 1115 1196 dixerunt,
1134 1152 1289 1189 Venerem

31 1216 106 1240 cum
122 1200 321 1254 Proserpina
336 1205 384 1240 ad
394 1203 553 1242 iudicium
569 1202 661 1240 Iovis
673 1203 805 1253 vensse,
823 1203 876 1241 cui
893 1218 1004 1241 earum
1018 1203 1159 1242 Adonin
1175 1219 1290 1242 conce-

31 1256 134 1302 deret,
156 1256 276 1307 quibus
299 1256 469 1307 Calliopen
480 1258 524 1295 ab
540 1256 617 1294 Iove
629 1258 743 1295 datam
756 1257 893 1295 iudicem
906 1286 918 1302 ‚
941 1272 1026 1309 quae
1037 1258 1148 1308 Illas-2
1164 1258 1291 1309 Orphei

32 1309 76 1359 est
84 1321 196 1348 mater.
208 1309 326 1361 Itaque
337 1310 510 1362 iudicaffe,
526 1310 576 1348 uti
585 1310 755 1349 dimidiam
762 1323 888 1362 partem
902 1311 1107 1349 amicarum
1120 1326 1290 1363 unaquae-

29 1376 90 1414 que
100 1364 278 1413 poffideret.
293 1363 436 1416 Tangit
448 1376 605 1416 quoque
618 1364 811 1403 Lucianus
829 1363 904 1416 ipse
923 1365 961 1402 in
973 1364 1137 1404 Veneris
1156 1366 1196 1404 ὅ(
1210 1366 1291 1404 Lu-

29 1427 100 1454 nae
113 1415 280 1468 dialogo,
293 1417 356 1455 ubi
372 1419 543 1469 queritur
554 1418 599 1456 de
613 1416 694 1456 filio
708 1417 790 1464 suo,
805 1417 908 1470 quod
924 1418 1025 1456 illam
1043 1418 1159 1457 modo
1173 1430 1288 1470 cogat

29 1467 219 1509 Anchisae
233 1469 342 1509 causa
356 1471 391 1509 in
405 1471 508 1510 Idam
525 1470 765 1518 descendere,
781 1469 864 1521 ἄρτι
879 1470 915 1510 <5⁰
935 1472 971 1510 ἐς
984 1474 1046 1510 τὸν
1064 1472 1211 1516 Λίβανον
1224 1473 1289 1511 ἐπὶ

29 1524 73 1561 τὶ)
90 1523 270 1576 Ἀσσύριον
289 1523 398 1563 ἐκεῖνο
417 1525 616 1577 μειράκιον,
637 1524 733 1562 ’ὁκαὶ
754 1523 800 1573 τῆ
821 1525 1059 1575 Περσεφέιττῃ
1082 1524 1288 1576 ἐπέραστον

28 1575 204 1625 ποιήσοις,
219 1578 258 1628 ἐξ
273 1575 445 1627 ἡμισείας
461 1577 634 1626 ἀφείλετό
645 1592 696 1628 με
710 1580 771 1617 τὸν
783 1577 962 1629 ἐρώμενον.
973 1580 1078 1617 Nunc
1091 1580 1213 1617 veroin
1224 1580 1287 1616 Li-

27 1631 149 1679 banum
161 1633 208 1669 ad
216 1633 254 1669 A
247 1631 295 1683 ff
281 1631 398 1682 yrium
415 1631 510 1670 illum
520 1631 765 1682 adolescentem,
781 1632 837 1683 qui
847 1630 881 1667 G*
892 1644 930 1670 ut
940 1648 962 1670 a
977 1632 1178 1685 Profi’rpina
1190 1649 1286 1671 ama-

29 1697 116 1722 retur
129 1684 239 1735 fecit‚
263 1686 297 1722 δ’
317 1701 367 1724 me
383 1686 463 1724 meis
482 1686 650 1724 amoribus
670 1685 807 1725 dimidia
827 1700 870 1723 ex
886 1698 985 1736 parte
999 1687 1162 1739 privavit.
1181 1687 1285 1726 Vide

27 1751 184 1790 quoque
196 1739 393 1779 Theocriti
413 1738 690 1790 ἈΣωνιζούο-ας,
710 1738 819 1790 ldyll.
833 1750 908 1777 xv.
936 1739 1041 1778 Patet
1060 1753 1182 1783 nunc,
1198 1742 1284 1793 quis

0 1813 1 1816 =
27 1791 72 1830 sit
91 1791 151 1832 ille
174 1793 346 1832 dimidius
364 1791 542 1843 Assyrius
557 1792 875 1832 inaus.GRA12v.
891 1791 1104 1846 Ἀσσύριον)
1119 1795 1281 1834 Adonis.

27 1845 128 1897 Lege
144 1846 306 1886 omnino
320 1846 500 1898 Apollod.
515 1846 592 1893 ΙΙΙ,
611 1861 645 1899 ρ.
660 1846 709 1899 98
724 1845 768 1885 C.
793 1846 950 1887 SOLAN.

79 1899 158 1939 ibid.
178 1899 432 1951 Μεριζὸμενον)
458 1900 686 1952 Μεριζὸμενον
711 1900 770 1940 hic
795 1902 958 1939 alternum
980 1912 1131 1940 vertere
1155 1902 1285 1942 malui.

24 1952 174 1992 'Adonis
185 1984 196 2002 ,
225 1954 415 2005 Myrrhae
438 1953 537 1993 filius
552 1985 564 2003 ‚
587 1954 738 1993 alternis
769 1954 919 2006 lugetur
945 1955 1045 2006 apud
1075 1954 1254 2006 Affyrios
1267 1986 1280 2003 ,

26 2007 208 2059 quamdiu
221 2020 358 2058 nempe
371 2007 422 2047 est
435 2021 521 2047 cum
535 2007 766 2059 Proserpina,
780 2009 813 2048 ἐν
825 2005 913 2057 ξέέῃ,
923 2009 1103 2061 quamdiu
1115 2009 1205 2049 latet
1219 2023 1286 2048 an-

2 2080 3 2084 =
26 2061 64 2099 ni
83 2059 266 2108 fertilitas,
282 2062 406 2100 hieme
418 2062 521 2114 quasi
542 2061 705 2115 sepulta;
725 2062 859 2101 deinde
876 2062 1012 2101 iterum
1026 2063 1153 2115 gaudii
1166 2074 1285 2102 mate-

0 2142 2 2168 ,
25 2114 117 2154 riem
132 2115 301 2166 praebet,
312 2127 401 2154 cum
416 2115 469 2154 est
479 2129 563 2156 cum
575 2117 741 2164 Venere,
759 2115 986 2155 foecundam
1003 2115 1091 2155 facit
1105 2128 1284 2156 naturam

0 2169 2 2196 ἱ
27 2168 103 2207 διε.
125 2169 241 2221 lgitur
259 2168 397 2208 divisus
415 2170 511 2209 inter
528 2170 719 2209 Venerem
737 2169 777 2207 &
792 2169 1051 2221 Proserpinam
1067 2171 1212 2210 Adonis
1228 2171 1283 2209 al-

0 2199 3 2258 l
18 2221 159 2267 ternis,
179 2223 284 2274 quod
299 2223 391 2271 dixi,
406 2223 504 2274 apud
517 2223 694 2275 Affyrios
707 2224 873 2274 lugetur.
892 2223 1016 2263 GEsN.

0 2277 2 2320 Ι
80 2279 152 2314 ead.
165 2277 188 2314 l.
208 2277 266 2315 16.
279 2276 538 2330 Ἀντιπάτρου)
562 2277 648 2317 Post
666 2289 823 2316 matrem
846 2277 1080 2316 interfeffi'tam
1103 2277 1149 2314 ad
1170 2277 1283 2328 Lyfi-

0 2323 221 2377 l-machum,
233 2331 343 2369 cuius
357 2329 471 2372 filiam
487 2332 660 2377 duxerat,
672 2330 865 2383 confugit3
880 2345 902 2370 a
916 2344 996 2383 quo
1011 2332 1050 2369 δι
1066 2331 1143 2382 ipse
1157 2331 1208 2369 ob
1222 2332 1280 2369 in-

26 2381 132 2421 fidias
147 2382 211 2421 fibi
227 2382 382 2423 struuas
401 2384 620 2424 interfeffiffi
632 2385 694 2424 est.
716 2386 817 2423 Vide
829 2386 934 2435 Ἰκαρ.
947 2397 978 2423 c.
999 2397 1060 2433 15,
1076 2385 1164 2429 ubi,
1178 2398 1278 2436 quo-

26 2437 126 2474 niam
145 2447 249 2488 pater
267 2438 368 2476 audit
381 2437 644 2489 Lyfimachus,
660 2452 729 2478 nec
747 2439 965 2477 nominatur
980 2437 1096 2483 filius,
1115 2438 1160 2476 de
1174 2439 1279 2489 Aga·

25 2488 154 2530 thocle
163 2491 290 2544 potius
302 2491 498 2547 intelligas,
514 2505 630 2548 quam
645 2504 685 2533 ut
698 2505 771 2548 ego
785 2493 896 2543 olim,
909 2493 954 2532 de
968 2492 1043 2532 hoc
1057 2492 1278 2545 Antipatro.
