1730 3326
329 192 449 237 IN
547 177 1056 240 AMORES.
1251 212 1336 260 573

125 278 204 320 aid.
214 281 326 320 Κατὰ.
335 279 694 343 πετρων-ἁγὸνων)
705 279 769 319 De
779 281 854 321 hoc
864 294 978 333 prov.
987 281 1160 321 Paroem.
1170 282 1344 326 Romu).

126 337 199 373 ead.
220 334 242 373 l.
264 347 321 386 13.
343 332 518 387 Τούτοις)
546 334 668 373 Prave
683 345 793 374 antea
809 335 1028 387 legebatur
1020 349 1056 374 in
1073 336 1280 375 omnibus
1274 352 1345 376 im-

71 387 342 452 preffiseiorotf.
353 387 562 448 Scriptura,
576 401 690 440 quam
705 387 858 427 secutus
873 388 967 437 lum
978 402 1025 428 ex
1041 389 1082 428 L.
1095 389 1158 428 est.
1182 389 1343 433 SOLAN.

69 441 196 481 Εἴποις
208 454 263 492 ’γε
280 455 367 492 μην,
391 441 624 480 inconcinna
639 440 679 480 &
694 440 848 480 absurda
860 442 987 482 leffio.
1010 442 1151 481 Aldina
1166 455 1245 482 non
1260 458 1346 484 me·

68 494 142 534 lius
165 494 322 534 τούτοις.
347 494 599 553 Legendum'
588 495 686 534 ενίοις
702 509 730 547 Ἰ
739 509 756 533 ε
775 510 869 544 μην,
895 507 936 535 ut
958 497 1225 548 interpretatus
1249 496 1343 539 sum.

69 547 199 588 GEsffN
213 546 424 587 Maluissem
439 546 598 588 Gesneri
614 548 919 588 emendationem
935 551 1126 601 recipere,
1150 564 1236 589 nam
1255 552 1345 591 vul-

69 613 201 654 gatum
215 602 333 640 εἴποις
350 601 588 641 intolerabile
603 601 678 641 est:
698 615 832 642 verum
848 603 941 654 quia
957 604 1097 642 τούτοις
1108 616 1156 642 ex
1167 603 1263 644 Cod.
1273 606 1344 652 est,

72 655 289 707 &vulgato
301 654 431 694 saltem
451 654 636 707 praestat,
649 668 692 694 ac
708 656 837 695 Solan.
851 657 889 695 in
904 667 1009 696 textu
1029 658 1078 694 ita
1097 668 1284 704 mutarat,
1308 661 1344 698 id

69 709 130 748 edi
145 708 269 761 passus
285 708 389 755 sum,
405 707 520 747 sedin
534 686 711 749 versione
723 709 817 748 nihil
831 721 912 749 mut
915 711 1006 757 avi,
1025 711 1113 762 quia
1126 711 1187 749 illa
1203 713 1247 751 ad
1262 689 1345 753 fen-

68 760 152 802 sum
169 762 315 801 melior.
335 762 482 801 Rmz.

127 816 184 855 Pa
235 815 322 855 281.
336 816 360 854 l.
381 829 440 854 10.
457 811 706 881 Εὗπρεπους)
711 819 867 868 Ημιαρὰ
885 817 1266 870 τρυφὴ-’μέχριτης
1285 822 1345 859 οὑ-

71 866 119 908 δὲ
134 831 272 933 pugium
294 868 502 919 ἒυναμένης
517 867 727 921 εὐπρεποῦς
742 870 841 908 νόσου
856 871 1344 920 noeTc23>163÷v.Legendum

70 922 145 963 effe
156 921 362 975 εὖπρεπως,
375 923 447 961 iam
461 923 498 962 in
513 924 689 965 versione
702 923 765 963 sua
779 924 932 964 videtur
943 925 1240 977 deprehendisse
1232 938 1349 966 mter-

70 990 179 1030 pres,
205 976 307 1016 recle
322 988 497 1024 vertens,
515 977 652 1030 scelesta
679 977 809 1031 (sive
798 993 840 1016 ιη
840 978 957 1030 pura)
979 980 1039 1016 ill1
1053 979 1233 1018 mollities
1221 995 1256 1018 ιη
1269 996 1345 1020 eum

70 1033 234 1077 morbum,
248 1032 304 1084 qui
321 1046 422 1083 neque
435 1034 547 1070 decore
566 1033 631 1071 dici
648 1034 759 1084 poff
732 1044 744 1069 t
781 1032 944 1100 prozlapsa
959 1033 1011 1084 est.
1033 1033 1160 1071 Idem
1153 1043 1289 1072 iterum
1305 1036 1348 1073 in

69 1085 202 1124 verbis
208 1083 537 1151 subsequentibus
564 1086 620 1138 (εἰ
635 1086 679 1125 ἑὲ
703 1086 755 1134 εφ’
777 1089 820 1125 ὡν
837 1101 854 1126 n
868 1087 1018 1138 πρόνοια
1033 1090 1170 1135 θεσμον
1194 1086 1347 1138 ἔταξεν,

70 1134 175 1190 ημοῖς,
197 1135 360 1178 ἕκαστος
377 1137 532 1191 ἰἰΓρυτο)
565 1140 666 1179 recle
687 1140 782 1178 vidit
810 1137 1052 1193 legendum
1037 1155 1149 1189 ημων,
1174 1153 1345 1188 νει-τεῆς,

73 1193 245 1244 Quodsi
233 1208 269 1232 ln
281 1193 339 1239 iis,
349 1195 387 1231 de
404 1194 526 1245 quibus
534 1193 745 1258 providentia
758 1194 854 1246 legem
862 1193 1028 1246 sancivit,
1044 1194 1269 1247 unusquisque
1280 1212 1345 1235 no-

0 1256 1 1279 1
61 1246 419 1300 flrzimfisefirmaret.
433 1245 538 1284 IENS.
556 1244 774 1300 Εὖπρεπως)
791 1247 951 1301 Optime
964 1248 1110 1287 viderat
1123 1248 1279 1298 lemnus,
1290 1250 1345 1290 ita

0 1301 1 1308 ’
70 1301 370 1348 emendandum,
394 1301 499 1353 quod
518 1313 655 1340 ornnes
678 1301 755 1353 imp
759 1301 841 1341 reffi
858 1301 999 1341 habent
1019 1300 1237 1367 §Omen-0235.
1259 1302 1340 1343 Ox.

70 1354 169 1394 Cod.
190 1352 395 1406 ἀπρεπους.
418 1354 455 1393 Ρ.
475 1355 515 1394 δι
535 1355 575 1394 L.
594 1355 650 1395 uti
664 1316 755 1395 edip
737 1356 980 1404 curavimus,
998 1369 1203 1408 ευπρεπως.
1226 1356 1270 1395 In
1286 1357 1344 1397 M.

69 1407 224 1448 abscissa
243 1422 336 1448 VOX.
361 1408 519 1473 SOLAN.

124 1464 199 1501 ead.
211 1462 234 1502 l.
259 1475 318 1502 11.
337 1462 409 1510 ’‘EQ
427 1457 473 1501 ὧν
488 1460 506 1502 ri
489 1461 672 1521 προνοιοι
685 1465 824 1513 &romu
838 1461 997 1524 ἔταξεν)
1021 1462 1123 1502 Nihil
1139 1463 1343 1505 videbatur

70 1516 259 1564 blandius,
271 1529 386 1569 quam
401 1529 472 1570 pro
485 1512 529 1556 ὡν
540 1516 696 1569 legere
679 1532 728 1564 ον,
741 1530 839 1570 quae
852 1518 962 1556 nimis
976 1518 1100 1556 facili
1092 1528 1189 1556 inter
1202 1518 1345 1558 dician-

70 1581 150 1611 tem
171 1570 475 1623 scribentemque
497 1570 601 1623 lapsu
627 1572 833 1623 permutari
854 1583 1039 1623 potuere:
1067 1583 1154 1610 cum
1180 1568 1279 1621 ημῶν
1301 1573 1343 1612 in

71 1622 173 1676 ἡμᾶς
196 1625 334 1663 mutari
354 1625 472 1677 paulo
491 1624 677 1664 difficilius
694 1623 817 1664 fuerit.
840 1624 985 1664 Phrafis
1001 1638 1157 1664 τάττειν
1173 1628 1254 1663 τινὰ
1279 1626 1346 1666 ἐπὶ

69 1680 228 1730 ἓεσμον
221 1689 272 1717 ita
283 1679 466 1718 naturalis
477 1678 532 1718 est
541 1678 580 1718 &
592 1678 782 1727 solemnis,
793 1690 836 1718 ut
850 1692 908 1718 res
919 1678 1176 1718 difficultatem
1188 1691 1266 1718 non
1280 1680 1345 1718 ha-

70 1731 180 1772 beat:
204 1742 286 1772 tota
306 1731 494 1774 struftura
513 1732 724 1772 verborum
737 1732 909 1779 Graeca,
936 1733 977 1773 δι
990 1732 1194 1772 sexcenties
1207 1733 1344 1774 usitata

69 1795 155 1825 tum
170 1786 331 1833 Nostro,
348 1797 430 1826 tum
450 1786 604 1839 optimis
619 1786 832 1839 quibusque
845 1763 1105 1840 {criptoribus:
1131 1787 1272 1834 nescio,
1290 1800 1342 1827 an

71 1840 317 1893 quisdixerit‚
324 1839 482 1880 τάσσειν
494 1841 658 1891 δεσμοῦ
644 1842 1103 1894 επίτινοςπράγματοςκ.
1112 1854 1147 1878 τ.
1162 1853 1197 1879 A.
1209 1840 1344 1883 stx.

123 1898 197 1934 ead.
218 1896 240 1933 I.
265 1909 324 1934 12.
348 1894 521 1946 Θεσμῶν)
547 1894 629 1939 Sic,
649 1895 942 1935 utconieceram
959 1895 1186 1948 legendum,
1199 1895 1346 1934 habent

69 1946 193 1989 Codd.
207 1947 289 1988 Ox.
305 1948 394 1988 item
410 1950 481 1988 W.
491 1948 532 1987 δι
545 1949 585 1987 L.
598 1948 750 1989 Vocem
764 1958 894 1988 autem
909 1947 1011 2000 ημᾶς
1032 1961 1128 1988 cave
1144 1948 1343 1991 mutastis·

66 2004 173 2044 recte
183 2003 285 2042 enim
300 2002 423 2041 habet.
443 2002 603 2043 SOLAN.

125 2057 207 2096 ibid.
226 2054 381 2120 Ἡμοῖςγ
383 2055 489 2106 Ημῶν
503 2067 629 2096 tamen
646 2055 686 2095 in
703 2057 796 2096 Iunt.
812 2055 927 2096 adseri
933 2055 1053 2109 pserat
1067 2055 1244 2100 Solanus,
1258 2069 1341 2097 cre-

70 2107 198 2151 dens“
177 2124 339 2150 ειοιστος
351 2108 450 2160 ἥμῶν
464 2110 773 2150 construendum.
785 2110 856 2150 Sed
868 2112 936 2163 qui
933 2070 1032 2150 pfieri
1045 2111 1078 2149 id
1088 2110 1229 2159 potest
1220 2110 1233 2137 ³
1246 2123 1342 2152 nam

72 2163 176 2215 ἧμῖις
190 2165 353 2217 pertinet
367 2165 412 2203 ad
427 2163 572 2216 ἔταξεν,
593 2165 756 2217 ideoque
768 2178 922 2204 comma
914 2164 1047 2226 post
1033 2163 1146 2213 ημᾶς,
1160 2178 1242 2217 quo
1255 2166 1341 2206 edd.

70 2218 267 2265 carebant,
286 2217 460 2280 apposui.
474 2218 655 2259 Meliore
648 2232 732 2258 iure
744 2217 865 2258 Iens.‘
851 2233 950 2269 ημων
961 2219 1126 2271 legebat,
1149 2219 1238 2257 dum
1249 2222 1342 2258 520*-

71 2274 141 2336 μον
153 2273 350 2313 retineret:
366 2273 441 2311 iam
456 2285 567 2319 vero,
581 2285 671 2312 cum
685 2271 835 2324 ,θεσμῶν
845 2286 897 2313 ex
911 2272 1034 2313 Codd.
1051 2272 1264 2313 restitutum
1279 2272 1340 2339 sit,

69 2340 173 2378 ῃμων
188 2339 268 2366 non
282 2326 447 2379 amplius
460 2327 577 2367 volet
603 2326 751 2366 ΚΕΗ-Ζ.

128 2381 221 2432 Pag.
236 2380 323 2421 282.
335 2382 357 2420 l.
374 2395 409 2419 2.
429 2378 564 2431 Ταυρος
578 2379 829 2435 οιγελοιρχης)
851 2380 1010 2432 Longus
1029 2379 1091 2420 lib.
1105 2395 1142 2438 4.
1164 2380 1341 2422 BOURD.'

126 2394 646 2496 ead.gl.7.An510)Manfioriem
657 2447 739 2474 non
750 2435 849 2474 male
860 2434 1017 2473 reddidit
1027 2432 1167 2474 Ben'ed.
1184 2449 1203 2473 a
1217 2447 1341 2488 Anvycu,

75 2487 220 2544 quiesco,
236 2502 428 2542 permaneo.
446 2488 530 2531 Nec
540 2489 642 2530 enirn
655 2487 813 2543 ceffmdi,
830 2489 993 2541 dqfinendi
1004 2489 1205 2530 notionem
1219 2487 1341 2530 solam
