1730 3326
374 213 466 260 ·402
575 198 1479 249 ANNOTATIONES‘

375 281 416 320 δι
431 281 469 319 in
481 279 602 319 Novo
613 280 796 320 Foedere.
814 279 885 319 Sed
900 291 977 318 tam
993 279 1102 332 saepe
1116 280 1154 319 in
1170 280 1243 321 hoc
1255 281 1379 322 verbo
1391 297 1408 321 ν
1419 283 1579 323 alterum
1595 283 1638 324 in

374 334 635 385 compluribus
647 334 728 372 edd.
743 332 917 372 omissum
931 332 984 372 est
993 362 1004 380 ,
1016 344 1059 372 ut
1075 334 1147 372 iam
1160 346 1290 373 earum
1303 335 1524 375 consensum
1537 337 1638 376 nibi-

373 387 401 425 li
421 387 637 426 faciendum
662 386 869 426 existimem
881 415 892 433 ‚
915 387 1059 438 ubique
1081 397 1208 426 tamen
1228 389 1273 426 ad
1299 389 1333 427 id
1355 390 1550 429 attendere
1572 403 1639 429 ne-

377 453 530 490 queam.
544 440 615 479 Sed
634 441 747 492 Ὀρχ.
764 441 809 491 56
821 453 1009 492 *ye-yevnpc.
1024 439 1151 479 rursus
1167 439 1240 487 est,
1253 441 1343 480 item
1365 455 1447 494 cap.
1462 456 1508 495 23
1525 442 1643 482 huius

376 493 480 532 Dial.
492 506 512 533 a
528 495 700 546 γένομοιι.
718 494 764 533 Et
780 494 966 532 interdum
982 493 1070 532 nihil
1086 492 1248 540 interest,
1260 506 1388 534 utrum
1400 495 1644 546 indefhblum,

378 560 485 586 ortum
496 577 506 593 ‚
522 560 570 585 an
585 560 700 585 natum
713 577 722 592 ,
738 558 927 598 generatum
942 547 1038 586 dicas
1051 574 1064 592 ,-
1082 545 1125 585 &
1142 547 1179 584 in
1200 546 1381 587 eiusmodi
1396 547 1543 588 casibus
1556 549 1640 589 edd.

381 600 520 653 priscas
531 600 683 652 sequar3
698 600 762 640 ubi
773 613 870 639 vero
885 598 1156 651 fignificatione
1169 598 1235 638 τοῦ
1246 601 1347 653 gigno
1359 601 1528 641 distinete
1540 614 1644 655 opus

378 653 444 702 est,
459 654 507 692 ibi
520 669 554 693 νν
568 654 784 705 duplicabo,
799 654 951 706 quoties
964 653 1010 691 ad
1027 653 1061 691 id
1077 653 1248 692 animum
1264 655 1476 694 advertero.
1491 655 1641 695 REITz.

432 710 503 746 ead.
518 709 537 745 l.
556 721 613 760 15.
627 706 809 759 Ἡμέρας)
828 705 1046 746 Nesciebam
1059 736 1072 751 ‚
1091 706 1184 758 quid
1201 706 1412 747 Gesnerum
1429 709 1648 760 impulerit,

379 761 485 812 quod
505 759 638 811 ἡμέρας
655 773 726 813 pro
748 758 869 799 accus.
892 759 988 812 plur.
1006 760 1216 811 acceperit,
1231 773 1317 800 cum
1334 773 1407 812 pro
1422 761 1528 801 solita
1545 772 1646 801 tem-

380 815 486 866 poris
499 814 653 866 quando
667 845 677 861 ‚
691 825 732 852 ut
746 813 997 853 Grammatici
1011 812 1240 865 loquuntur,
1256 813 1440 854 strucqura
1452 845 1466 861 ,
1478 814 1523 854 fit
1535 816 1646 868 geni-

381 868 484 906 tivus
497 867 706 920 singularis,
720 877 762 906 ut
775 866 887 919 supra
897 867 1076 917 Tyrann.
1092 879 1124 906 c.
1139 880 1152 905 ι
1162 896 1174 912 ,
1187 866 1254 905 snio
1268 869 1458 919 τυράννους
1470 868 1647 908 &oron-ni.

382 936 446 961 νας
458 920 549 971 μιᾶς
569 918 720 971 ἡμέρας,
734 931 776 959 ut
795 934 809 958 1
830 921 922 959 Ver.
940 919 1033 959 Hist.
1055 932 1088 958 c.
1106 933 1164 958 10.
1185 919 1231 959 Et
1243 920 1346 961 Τοκ.
1368 934 1398 961 c.
1417 934 1483 972 52,
1496 921 1536 961 &
1555 921 1648 962 alibi

382 988 463 1014 non
483 974 608 1014 semel.
634 974 787 1014 Servari
807 987 900 1026 ergo
925 972 1087 1026 potuiffe
1111 973 1293 1025 putabam
1319 973 1474 1026 priscam
1499 974 1646 1015 versio·

381 1041 469 1068 nem
482 1058 492 1076 ,
508 1041 605 1081 quae
622 1029 762 1068 interdiu
786 1027 970 1074 habebat·,
992 1026 1060 1066 etsi
1082 1040 1235 1074 noram,
1256 1028 1296 1067 δι
1320 1027 1536 1068 accusativo
1559 1027 1648 1068 casu

383 1083 481 1121 idem
495 1093 665 1135 tempus,
684 1093 818 1122 contra
833 1094 947 1134 quam
964 1081 1063 1133 apud
1078 1081 1255 1126 Latinos,
1275 1082 1453 1134 exprimi,
1468 1092 1513 1121 ut
1523 1081 1650 1135 Long.

383 1136 477 1175 Past.
494 1151 515 1175 2
526 1166 538 1181 ,
555 1149 589 1188 p.
606 1150 673 1188 43,
687 1136 936 1186 συνέρχονται
951 1137 993 1174 τὸ
1010 1133 1148 1174 {wewam
1166 1133 1309 1174 Iterum
1326 1148 1410 1187 pag.
1424 1135 1474 1184 46
1486 1135 1544 1174 ed.
1558 1135 1650 1175 lun·

385 1189 691 1243 germ.Tertium
706 1190 746 1228 L.
758 1189 833 1236 IV,
846 1202 885 1241 p.
903 1189 975 1227 106
992 1187 1018 1227 f.
1032 1189 1088 1227 ed.
1107 1188 1216 1227 Mon.
1233 1188 1321 1227 ἀστοὶ
1357 1204 1401 1228 ων
1415 1186 1592 1242 (αἶγας)
1603 1191 1651 1227 τὺ

386 1243 551 1281 Σειλινόν.
569 1242 708 1294 Quare
732 1242 952 1293 ambiguum
978 1242 1090 1281 alicui
1113 1242 1234 1281 videri
1256 1255 1308 1293 po
1339 1253 1367 1281 ιτ
1378 1274 1390 1291 ,
1405 1241 1500 1282 sitne
1515 1240 1652 1294 ἡμέρας

385 1297 482 1348 plur.
498 1309 545 1335 an
558 1294 649 1348 fing.
666 1294 797 1335 Postea
812 1307 908 1335 vero
925 1295 1056 1342 didici,
1070 1293 1185 1335 Gesn.
1199 1298 1305 1335 τινὲις
1318 1295 1550 1336 ἰηῑεΗεᾶιιιη
1569 1296 1652 1336 vel-

386 1349 444 1395 le,
459 1360 501 1388 ut
513 1350 552 1388 in
567 1349 712 1402 Evang.
728 1349 848 1389 Marc.
866 1363 887 1388 2
899 1379 911 1397 ‚
931 1361 965 1396 ι,
985 1347 1192 1399 δι’ἣμερῶν.
1208 1348 1354 1389 Rem-z,

443 1404 534 1453 Pag.
547 1416 611 1454 79.
624 1403 647 1440 l.
662 1402 794 1442 2.Toi15
806 1400 957 1455 ἑγκεφ.)
972 1402 1074 1440 Mira
1083 1401 1237 1454 phrasis.
1250 1402 1312 1441 Sic
1329 1414 1455 1442 tamen
1469 1415 1604 1443 omnes
1613 1401 1654 1442 li,-

386 1456 457 1496 bri.
471 1455 580 1508 Quid
591 1469 689 1496 vero
700 1456 850 1495 Marcii.
864 1455 1051 1499 voluerit,
1067 1455 1167 1494 haud
1184 1454 1291 1495 facile
1302 1455 1355 1495 est
1369 1456 1578 1504 conficere-3
1593 1456 1653 1494 ni·

387 1510 415 1550 fi
441 1509 568 1549 forsan
588 1523 659 1562 pro
681 1510 764 1550 eius
785 1509 1008 1561 ἑξηρημένων
1031 1509 1232 1560 legendum
1254 1509 1321 1555 fit,
1348 1509 1579 1562 ἐξῃρημένων,
1600 1522 1654 1549 eo

389 1577 527 1616 nempe
540 1563 660 1612 sensu,
673 1577 755 1616 quo
767 1574 1034 1602 vertunt—cor
1045 1563 1120 1613 effit
1132 1576 1305 1602 exemtum.
1316 1564 1368 1602 V.
1381 1575 1506 1603 autem
1523 1570 1652 1614 Δραπ.

391 1631 426 1658 c.
443 1630 455 1654 ι
465 1634 488 1661 4
499 1647 510 1662 ‚
525 1617 564 1657 δι
579 1622 714 1658 duam.
728 1630 762 1657 c.
777 1617 838 1657 26.
852 1616 961 1656 Adde
975 1616 1015 1656 δι
1033 1615 1132 1656 Plut.
1154 1615 1269 1666 1482,
1283 1631 1319 1665 2,
1334 1615 1362 1656 fi
1377 1616 1477 1657 forte
1490 1616 1588 1670 quid·
1596 1616 1656 1656 lu·

390 1672 445 1712 cis
460 1671 546 1710 hinc
560 1670 748 1723 affulgeat.
762 1671 920 1711 SOLAN.

445 1725 524 1763 ibid.
537 1725 606 1762 Καὶ
620 1728 693 1764 τὰς
706 1723 866 1777 κοιρὲὶοις
880 1722 1191 1776 προεξυρημένων)
1202 1722 1507 1776 Προεξηρημένων.
1519 1723 1657 1776 ltaque

391 1777 564 1832 sequitur
575 1778 765 1829 πρόβατα,
780 1793 815 1830 p.
828 1777 902 1837 seq.
917 1777 1064 1829 (immo
1080 1777 1198 1816 statim
1212 1776 1308 1816 vers.
1320 1776 1414 1830 seq.)
1426 1777 1620 1817 Manen.

446 1833 520 1870 ead.
531 1833 556 1871 l.
574 1846 587 1870 1
598 1846 632 1870 2.
643 1831 818 1884 Ἐκεῖνον)
830 1836 899 1869 Του
912 1831 1123 1883 ὃράκοντοςζ
1137 1831 1307 1871 GUYET.

449 1886 539 1938 Pag.
552 1884 612 1925 80.
629 1886 652 1924 l.
669 1899 699 1936 5.
713 1885 782 1924 Καὶ
798 1883 926 1924 ταῦτα
938 1915 950 1931 ,
963 1883 1156 1937 ἀνθρωπ.)
1174 1884 1233 1924 Sic
1255 1884 1425 1923 ordinem
1443 1883 1658 1924 verborum

393 1939 646 1987 invertimus,
661 1940 731 1991 qui
755 1939 859 1992 prius
882 1939 919 1977 in
941 1938 1121 1977 omnibus
1141 1939 1238 1977 male
1253 1937 1303 1978 fic
1324 1937 1510 1977 habebat:
1532 1937 1660 1991 ἀνθρω-

394 1993 489 2043 πὸμ.
502 1993 568 2032 καὶ
583 1990 714 2031 ταῦτα
729 1993 793 2032 καὶ
808 1991 998 2040 &aeaco-obv,
1009 1990 1168 2031 absurde
1184 1990 1348 2044 prorsus.
1364 1991 1522 2032 SOLAN.

448 2050 522 2085 ead.
533 2047 556 2085 l.
569 2046 605 2084 8.
619 2048 665 2083 To
683 2045 1027 2098 ἀντίθυρον)Συμπ-.
1042 2058 1073 2085 c.
1089 2046 1111 2085 8
1125 2075 1136 2092 ‚
1150 2046 1216 2085 ubi
1231 2046 1268 2084 in
1282 2045 1448 2097 vulgatis
1459 2045 1536 2084 alio
1549 2056 1661 2097 gene·

395 2113 437 2140 re
451 2100 587 2152 legitur
602 2100 694 2139 haec
715 2113 820 2147 vox·‚
845 2099 906 2139 sed
921 2099 1002 2139 MS.
1024 2098 1102 2139 Ox.
1126 2099 1168 2138 δι
1181 2099 1256 2138 illic
1276 2101 1320 2137 τὸ
1336 2098 1526 2138 hahenv.
1543 2099 1659 2138 etiam

397 2153 479 2193 oin.
494 2166 578 2206 cap.
601 2154 650 2193 26
662 2183 675 2200 ,
696 2154 761 2193 ubi
774 2153 941 2193 femineo
955 2165 1094 2205 genere
1106 2153 1285 2193 occurrit.
1299 2152 1456 2192 Somu.
1469 2152 1604 2191 Utitur
1615 2151 1657 2191 δι

399 2209 561 2248 Homer.
573 2205 710 2257 Odyff.
728 2212 785 2256 Π,
801 2220 887 2261 159,
897 2206 979 2248 Στιῖ
988 2206 1034 2246 ἑὲ
1050 2207 1136 2246 κατ’
1149 2206 1326 2260 ἀντίθυρον
1341 2207 1487 2246 κλισίης
1501 2203 1663 2247 ‘oswii'

398 2261 578 2313 φανεῖσα.
593 2260 739 2301 REITz.

454 2317 489 2354 in
509 2315 626 2353 Schol.
648 2316 710 2354 col.
725 2328 757 2353 2.
772 2314 796 2354 l.
815 2328 848 2353 2.
863 2315 1016 2365 Πονηρος
1028 2312 1046 2366 )
1058 2313 1218 2354 Reffius
1234 2324 1360 2353 tamen
1374 2312 1662 2354 Grammaticos

399 2368 627 2420 distinguere
639 2369 738 2407 inter
757 2368 905 2419 πόνηρος
921 2367 1043 2412 miser,
1056 2366 1098 2406 &
1109 2370 1256 2419 πονηρδς
1278 2367 1420 2413 malus,
1436 2378 1473 2406 at
1502 2379 1551 2406 ue
1562 2367 1661 2407 inter

400 2422 580 2461 adverbia
591 2420 747 2474 πονήρως
762 2423 801 2461 δι
813 2420 984 2473 πονηρῶς,
998 2422 1075 2460 vid.
1088 2420 1198 2474 supra
1208 2422 1253 2460 de
1265 2421 1383 2460 Merc.
1395 2432 1468 2460 con
1497 2449 1505 2458 .
1518 2420 1564 2459 ad
1574 2432 1661 2473 cap.

403 2489 466 2530 23.
478 2475 554 2516 Etsi
565 2476 680 2517 credo
689 2507 704 2523 ‚
719 2475 970 2529 posteriorem
983 2475 1080 2516 diem
1093 2476 1191 2516 hanc
1205 2474 1481 2515 distinctionem
1495 2472 1660 2517 invenis-
