1730 3326
413 200 517 273 “480
619 197 1490 247 ANNoTATioNES

411 281 495 337 '’pro
506 298 667 336 quantum
678 299 779 336 opus,
792 283 856 324 vel
866 299 964 337 quam
976 283 1108 337 difficile
1117 286 1159 337 est
1171 285 1246 324 διε.
1269 284 1309 324 &
1321 285 1441 324 Latini
1453 297 1610 338 quoque
1622 285 1685 325 ad·

422 339 558 377 verbia
572 337 620 378 fic
633 339 840 390 adiungant
852 338 1072 376 nominibus
1085 336 1326 377 substantivis
1336 368 1347 385 ,
1369 350 1411 377 ut
1422 338 1525 378 estin
1536 339 1685 379 Teren-

424 393 529 430 tiano
542 391 630 437 illo,
645 407 811 444 neparum
824 393 979 442 lenosies.
998 391 1148 430 Tamen
1167 387 1214 430 ὧς
1227 391 1444 442 Ἀστυάναξ
1457 392 1522 430 vix
1535 393 1585 430 ita
1598 391 1685 430 sub-

423 445 549 484 fistere
563 446 700 497 poterit
714 475 725 493 ,
753 443 819 483 etsi
839 457 904 496 per
931 445 1090 482 ironiam
1111 443 1161 483 fic
1182 444 1450 496 interpretere,
1473 460 1493 483 ο
1513 460 1613 497 quam
1629 445 1685 484 ille

426 498 516 551 (pro
533 497 673 549 qualis,
690 497 754 536 vel
769 496 956 549 quantus)
971 498 1013 550 est
1033 498 1242 550 Astyanax!
1273 498 1411 537 seilicet
1433 497 1585 537 habebit
1598 499 1687 556 gui-

422 554 509 591 dem
523 549 666 590 sensum
686 551 848 604 aliquem
861 580 874 597 ,
892 550 952 590 sed
971 551 1094 590 minus
1108 551 1378 597 commodum,
1401 564 1516 603 quam
1532 550 1561 590 si
1575 553 1685 590 οὑτος

422 605 568 658 legeris.
593 604 741 643 Rmrz.

477 662 550 697 ead.
564 659 587 696 l.
605 673 641 706 4.
662 655 863 708 Καπανέα)
877 657 929 694 V.
942 655 1091 696 Auson.
1104 657 1222 709 epigr.
1237 656 1303 708 83,
1317 657 1355 696 δι
1371 657 1530 697 Anthol.
1545 655 1604 705 11,
1623 656 1686 710 38.

425 711 568 751 Meurs.
585 710 705 750 Orch.
723 711 769 749 Et
784 710 873 749 Eur.
887 709 1028 749 Phoen.
1049 710 1137 762 185,
1155 725 1169 748 1
1183 709 1266 749 180.
1290 710 1448 750 SOLAN.

479 769 550 804 ead.
563 766 586 803 l.
604 779 635 815 5.
658 765 906 815 Προσβέιλλειν
917 762 995 802 τοῖς
1008 763 1173 808 Θηβαίων
1186 764 1375 816 τείχεσιν)
1389 763 1449 802 Est
1462 764 1616 815 impetum
1624 763 1686 816 fiz-

424 835 493 858 cere
506 821 541 856 in
561 819 787 856 Thebanorum
803 816 950 855 moenia:
969 817 1099 863 nobis,
1118 819 1301 869 bestormen.
1323 817 1567 857 Herodianus
1580 818 1616 855 in
1634 818 1685 866 V,

427 873 491 911 καὶ
513 873 744 922 προσέβαλλε
765 869 840 909 τοῖς
862 871 1046 922 τείχεσιν.
1074 870 1176 909 Idem
1199 872 1236 908 in
1250 870 1347 916 VlI,
1362 870 1619 921 προσέβαλλόν
1640 885 1684 909 τε

425 924 512 964 ταῖς
529 924 669 964 πύλαις
685 925 749 962 καὶ
764 923 841 962 τοῖς
855 925 1043 975 τείχεσιν.
1065 924 1287 976 Xenophon
1310 925 1348 962 in
1361 923 1416 962 111
1434 923 1685 972 Hellenicon,

424 978 555 1032 ξενικῷ
571 977 640 1029 μὲν
654 975 851 1025 Ἑλληνικῷ
863 975 1131 1028 προσβαλοῦσα
1145 977 1220 1017 τοῖς
1234 979 1418 1029 τείχεσιν.
1437 977 1610 1017 GRAEV.

482 1034 555 1070 ead.
570 1033 594 1070 l.
609 1031 645 1070 8.
658 1030 727 1070 Τῆς
742 1031 927 1082 θυμέλης)
948 1031 1168 1081 Thymelen
1180 1062 1190 1078 ‚
1211 1031 1426 1070 orchestrae
1447 1042 1589 1083 partem
1607 1043 1688 1070 me-

426 1086 523 1125 diam
534 1115 547 1131 ,
566 1085 697 1124 locum
715 1085 911 1136 proprium
924 1113 933 1128 ,
959 1084 1050 1123 &in
1063 1096 1196 1124 centro
1210 1086 1327 1124 totius
1341 1085 1478 1123 theatri
1494 1084 1656 1136 positum
1669 1113 1685 1131 ‚

425 1152 576 1187 eorum,
591 1140 655 1191 qui
669 1137 882 1190 speftaculo
899 1136 971 1176 effe
984 1138 1175 1186 deberent,
1191 1137 1278 1177 satis
1291 1138 1480 1190 eleganter
1498 1150 1541 1177 ac
1556 1138 1688 1178 diluci-

425 1194 472 1232 de
482 1192 686 1231 declaravit
700 1191 914 1230 Boindinus
936 1191 972 1229 in
987 1190 1223 1232 Commentt.
1240 1190 1552 1244 Acad.1nscriptt.
1564 1191 1682 1231 Tom.

425 1246 456 1291 1,
474 1260 510 1298 p.
533 1246 605 1285 186
618 1245 675 1284 ed.
687 1244 868 1283 Holland.
892 1243 1017 1284 GESN.

483 1299 572 1350 Pag.
590 1301 672 1346 167.
691 1299 715 1335 l.
739 1310 769 1336 1.
791 1297 1043 1350 Χειρονομιας)
1063 1298 1266 1350 Χειρονομιά
1283 1297 1432 1339 diversa
1445 1296 1686 1338 asaltatione.

427 1351 596 1392 GUYET.
612 1353 666 1390 At
681 1352 765 1403 quis
781 1351 854 1390 hoc
872 1350 1006 1397 nescit,
1023 1362 1088 1390 aut
1101 1364 1235 1403 negat,
1254 1352 1440 1404 Guyete?
1457 1352 1618 1392 Accedit
1630 1363 1689 1390 ta-

427 1419 515 1444 men
530 1406 567 1444 &
583 1405 832 1457 coniungitur
845 1405 1015 1457 inprimis
1032 1417 1120 1444 cum
1136 1406 1330 1445 saltatione
1346 1406 1516 1458 Pyrricha
1532 1419 1690 1452 vocata,

428 1458 582 1511 aliisque
596 1489 608 1505 ,
631 1471 702 1498 nec
722 1460 918 1497 minimum
935 1459 1017 1497 cius
1031 1471 1298 1498 ornamentum
1318 1460 1490 1498 habetur.
1518 1458 1593 1499 Etsi
1611 1472 1688 1512 ego

427 1526 515 1553 cum
530 1512 723 1551 Cicerone
740 1513 866 1564 potius
879 1512 980 1559 dico,
994 1513 1104 1551 Nemo
1107 1513 1218 1576 saltat
1220 1513 1365 1565 sobrius.
1387 1512 1534 1552 ΚΕΗ-Ζ.

484 1569 555 1605 ead.
570 1567 593 1605 l.
606 1581 640 1605 2.
665 1566 732 1603 Ka}
745 1565 959 1617 Ἡρακλέους
974 1566 1006 1604 ἐν
1022 1563 1175 1606 αὗλνισει
1189 1566 1332 1619 καλῶν)
1345 1567 1450 1618 Lego
1464 1567 1497 1606 ἑν
1513 1565 1691 1612 ἀσκήσει,

430 1621 470 1659 &
482 1620 531 1659 sic
545 1621 657 1659 etiam
670 1619 795 1672 legisse
810 1619 960 1657 videtur
973 1620 1168 1672 interpres.
1179 1620 1333 1672 Aliquis
1345 1619 1465 1674 posset
1477 1621 1590 1659 etiam
1604 1621 1689 1660 iure

430 1673 606 1726 suspicari
618 1673 819 1725 legendum
834 1672 907 1712 ess'e
921 1672 1056 1712 κακῶν·
1080 1686 1165 1712 nam
1180 1675 1384 1726 pugillatus
1394 1703 1406 1721 ‚
1418 1674 1456 1712 in
1468 1687 1548 1726 quo
1562 1673 1693 1726 plagas

431 1727 572 1767 multas
590 1728 666 1779 pati
688 1725 830 1766 necesse
846 1736 951 1774 erat,
972 1727 1102 1779 potius
1117 1728 1265 1766 videtur
1286 1728 1358 1767 dici
1374 1727 1511 1767 debere
1524 1728 1692 1768 ἄσκησις

431 1780 571 1820 κακῶν.
598 1781 728 1819 PALM.
753 1780 843 1819 Non
863 1781 998 1832 procul
1011 1793 1032 1819 a
1046 1793 1141 1820 vero
1157 1781 1282 1820 abibat
1300 1781 1473 1820 Palmerii
1490 1781 1692 1821 conieftu-

432 1848 488 1881 ra,
503 1848 593 1874 cum
608 1832 763 1874 αὐλήσει
773 1833 822 1873 (ιε
838 1834 1070 1886 corrigebat:
1083 1846 1324 1883 verumcum
1337 1835 1514 1874 edd.cett.
1528 1835 1691 1875 habeant

431 1888 599 1933 eufimiam,
614 1889 697 1926 eius
712 1887 974 1927 emendatione
986 1887 1076 1926 nihil
1090 1900 1188 1940 opus
1203 1887 1266 1927 est.
1284 1889 1339 1927 At
1349 1886 1474 1927 κακῶν
1487 1888 1548 1928 hic
1560 1888 1692 1928 locum

431 1955 511 1982 non
528 1942 640 1980 habet
652 1972 662 1988 ‚
675 1941 765 1993 quia
776 1942 945 1980 Mercur.
964 1941 1100 1980 Pollux
1112 1971 1125 1987 ‚
1141 1941 1348 1988 Hercules,
1367 1942 1524 1981 vincere
1537 1941 1632 1982 sueti
1652 1943 1693 1981 in

431 1995 634 2050 pugillatu,
652 2008 730 2034 non
746 2006 823 2033 tam
839 1996 965 2047 plagas
984 1994 1228 2046 accipiebant,
1249 2008 1366 2048 quam
1382 1994 1532 2034 dabant.
1551 1995 1692 2035 Robur

430 2052 535 2089 enim
551 2049 781 2088 Herculeum
795 2050 909 2088 etiam
922 2050 961 2087 in
974 2047 1173 2088 saltatione
1187 2050 1360 2102 exprimi,
1380 2049 1460 2088 vid.
1473 2047 1585 2101 supra
1599 2048 1692 2102 §73.

433 2103 516 2144 Cur
532 2104 660 2155 itaque
678 2103 724 2140 ad
738 2102 819 2141 eius
834 2103 874 2142 δι
887 2102 1125 2154 reliquorum
1141 2101 1236 2142 facia
1262 2102 1414 2143 heroica
1433 2114 1513 2141 non
1531 2101 1700 2154 respice-

432 2169 553 2203 retur,
569 2156 702 2196 causae
717 2157 805 2194 nihil
818 2156 944 2204 video.
958 2159 1004 2193 Tb
1019 2158 1134 2194 καλον
1149 2167 1276 2195 autem
1297 2168 1366 2209 pro
1378 2156 1554 2203 laudabili,
1568 2156 1695 2209 glorio*

426 2210 471 2263 sb
482 2210 667 2261 usurpari,
679 2210 890 2259 Stephanus
902 2211 939 2248 in
949 2209 1061 2249 Thes.
1077 2209 1215 2248 dudum
1230 2210 1371 2249 docuit.
1392 2209 1540 2248 Rmrz.

491 2266 562 2302 ead.
572 2264 596 2301 l.
609 2278 641 2316 3.
653 2262 834 2315 Ἀθλήσει)
855 2262 1053 2302 Verissima
1064 2262 1193 2309 leffio,
1207 2276 1320 2316 quam
1335 2275 1414 2302 non
1425 2263 1520 2302 vidit
1531 2262 1691 2304 Palmer.

437 2317 564 2357 Exstat
574 2329 700 2356 autem
709 2317 744 2354 in
756 2317 810 2355 M.
821 2317 858 2356 δι
868 2318 1049 2356 omnibus
1059 2317 1170 2368 impr.
1182 2329 1339 2369 excepta
1350 2317 1396 2356 B.
1409 2331 1429 2355 2
1438 2317 1478 2356 &
1489 2316 1689 2369 3.SOLAN.

489 2374 563 2409 ead.
580 2371 603 2410 l.
618 2386 654 2419 4,
667 2369 864 2423 Ἡροδότῳ)
890 2371 977 2409 Vid.
991 2371 1180 2410 Herodot.
1194 2371 1233 2418 1,
1256 2370 1291 2408 8.
1320 2371 1480 2410 SOLAN.

492 2425 567 2462 ibid.
588 2427 643 2462 T&
658 2423 708 2463 δι’
731 2424 925 2476 ὀμμάτων)
950 2425 1053 2463 Hinc
1078 2423 1292 2463 Plautinum
1317 2424 1428 2472 illud,
1447 2423 1693 2479 plurlsyocula·

437 2489 492 2517 tus
508 2479 594 2532 testis
610 2492 714 2528 unus,
729 2493 827 2531 quam
842 2478 945 2517 auriti
959 2480 1074 2518 decem.
1097 2478 1138 2517 ‘O
1151 2481 1348 2532 λογοποιος
1361 2477 1376 2516 ὁ
1389 2479 1531 2531 Θούριος
1545 2475 1628 2517 ὦτοι.
1643 2477 1692 2518 εἰ·
