1730 3326
393 217 490 282 380
594 214 1467 268 'ANNOTATIONES

393 306 504 344 Salm.
518 305 574 345 ed
590 318 708 358 quare
721 318 804 344 eam
821 303 1167 357 interpunffionem
1181 305 1332 354 secutus
1346 307 1451 355 sum,
1465 320 1580 361 quam
1591 311 1661 348 aff·

391 358 578 411 tiquiores
590 360 671 398 edd.
689 357 912 410 agnoscunt.
931 358 1078 397 ΚΕΗ-Ζ.

449 415 522 450 ead.
535 413 557 450 l.
575 427 606 463 5.
621 411 977 466 Καταγελόισεσδε)
990 411 1119 452 Siced.
1131 411 1225 452 lunt.
1239 411 1307 452 nisi
1321 413 1441 464 quod,
1454 426 1660 466 operarum

397 466 694 512 credoincuria‚
709 468 1047 519 καταγελάσασῧε
1070 465 1194 507 habet.
1211 466 1254 506 ln
1267 467 1422 520 reliquis
1442 466 1661 521 simpliciter

392 520 628 573 *yeme-seza.
642 520 800 559 SOLAN.

447 576 520 612 ead.
532 574 556 612 l.
572 587 586 612 1
600 587 630 612 1.
641 572 811 625 Ὁμοίως)
826 571 956 624 Lege‘’
940 586 1051 623 ομως.
1065 571 1224 612 SOLAN.

450 628 540 679 Pag
555 640 618 686 4⁷:
630 628 654 665 l.
670 641 705 666 2.
718 605 1001 684 Abyoucsvide
1019 625 1116 664 Plut.
1131 639 1216 677 περι
1229 639 1295 664 του
1308 631 1358 665 ΕΙ.
1380 638 1468 667 200.
1481 627 1585 667 Inter
1604 627 1663 667 saae'

394 680 542 732 pientes
556 680 678 725 enim,
693 689 860 731 quorum
873 678 1077 718 sententiae
1089 678 1253 729 Delphis
1265 678 1466 732 inscriptae
1481 680 1663 732 legeban-

394 744 472 782 tur,
486 733 584 772 duos
598 745 789 796 tyrannos
808 744 982 772 numerat
995 731 1232 772 Cleobulum
1254 733 1296 772 δι
1314 732 1571 773 Periandrum.
1586 734 1663 773 Pro

398 803 444 826 ων
458 788 482 825 ἑ.
499 788 536 826 in
556 787 649 826 Iunc.
670 781 761 825 est‘
741 800 788 824 ως
809 787 836 826 ἑ.
857 785 966 838 quod
980 786 1132 826 videtur
1144 798 1193 826 ex
1211 783 1309 826 ὥστε
1322 786 1352 826 ἐ.
1364 785 1585 827 formatum.
1602 787 1663 828 Sic

398 839 514 880 Dem.
529 855 562 893 p
581 854 630 879 m.
650 839 780 889 ¹44C·
795 839 952 879 SOLAN.

450 897 522 932 ead.
539 895 562 931 l.
575 907 612 943 7.
618 889 722 942 Ὅσῳ
733 896 822 944 προς
836 894 1007 946 ἀνάγκην
1022 893 1037 931 ἑ
1041 892 1131 946 ξ.η·γ
1135 893 1373 945 >Addiderat
1384 905 1502 947 marg.
1514 893 1669 935 Graev.‘

395 947 609 987 Hemsterh.
626 945 902 987 consulendum
918 946 1064 986 Duker.
1080 948 1125 986 ad
1139 947 1324 999 Thucyd.
1337 947 1418 994 VI,
1433 961 1469 999 p.
1485 962 1532 1001 43
1544 959 1664 999 5,no.

399 1017 436 1054 5.
452 1001 492 1040 Id
506 1000 595 1047 feci,
610 1001 764 1052 vidique
778 1013 867 1041 eum
891 1001 936 1039 ad
955 1000 1022 1040 fin.
1037 1014 1068 1041 c.
1083 1000 1156 1054 89
1171 1000 1238 1040 ubi
1259 1000 1406 1040 editum
1427 1001 1593 1054 legitur‘
1585 1002 1665 1042 ὅσον

397 1070 463 1094 και
479 1054 618 1094 Aorso'
583 1069 759 1107 Ἣησαιμι
775 1054 887 1094 malle
880 1055 1051 1115 legere
1045 1055 1114 1104 όσῳ
1131 1055 1206 1094 δίε.
1229 1063 1273 1093 ut
1288 1054 1352 1094 hic
1371 1067 1430 1107 ap.
1452 1056 1608 1094 Lucian.
1622 1055 1666 1096 δε

395 1109 505 1156 alibi;
519 1109 623 1162 quod
636 1108 828 1148 intellecto
841 1107 954 1170 μᾶὶρ
957 1125 990 1148 ον
1007 1109 1097 1147 nihil
1112 1120 1193 1147 tum
1207 1107 1298 1147 desit
1313 1108 1360 1147 ad
1374 1107 1537 1156 sensum,
1548 1121 1665 1162 quem

396 1162 471 1202 effe
494 1175 670 1203 mancum
694 1162 922 1202 credebant
914 1160 1138 1214 interpretes
1150 1162 1402 1213 Thucydidis.
1419 1162 1466 1201 Et
1481 1164 1569 1223 quia
1583 1161 1668 1202 Co-

397 1217 499 1255 dices
514 1217 691 1255 nonnulli
705 1228 793 1254 cum
808 1215 1012 1256 Scholiaste
1031 1216 1154 1256 illud‘
1147 1217 1218 1265 όσῳ
1239 1216 1400 1262 habent,
1421 1228 1504 1255 non
1522 1215 1636 1256 video
1650 1245 1665 1263 ,

397 1282 470 1308 cur
485 1270 666 1308 dubitarit
689 1268 839 1309 Duker.
861 1269 922 1308 id
914 1282 952 1308 in
971 1282 1199 1310 contextum
1223 1269 1401 1322 recipere.
1427 1268 1667 1310 Intelleaekum

398 1334 527 1362 autem
545 1322 695 1373 μᾶλλον
712 1323 796 1375 post
815 1322 888 1372 ὅσῳ
911 1323 985 1362 vid.
1005 1324 1118 1362 etiam
1133 1322 1232 1375 supr.
1246 1324 1292 1363 ad
1307 1337 1340 1363 c.
1360 1338 1374 1362 ι
1395 1324 1506 1363 huius
1521 1323 1668 1363 Phalar.

398 1377 552 1429 aliudue
565 1377 723 1416 locisibi
737 1377 916 1416 indicatis.
930 1377 976 1416 Et
988 1376 1074 1416 vide
1089 1389 1182 1415 mox
1193 1377 1328 1416 iterum
1342 1376 1414 1426 ἓσῳ
1426 1399 1470 1408 -
1483 1378 1669 1416 ἐκκόπτω-

396 1446 444 1482 fm-
432 1445 482 1468 ·ν
494 1431 561 1469 ubi
577 1444 649 1483 pro
662 1429 824 1480 μᾶλλον,
837 1431 988 1470 πλείους
1003 1443 1052 1469 ex
1070 1431 1191 1470 altero
1207 1430 1383 1470 membro
1406 1429 1667 1485 supplendum.

396 1470 508 1524 Adde
523 1486 731 1524 Herodian.
748 1498 792 1531 2,
810 1499 844 1538 3,
861 1498 919 1533 17.
934 1485 1082 1524 Rmz.

454 1543 528 1578 ead.
544 1540 567 1577 l.
592 1553 648 1578 ιι.
660 1535 762 1587 Ὅτῳ
783 1538 860 1578 ac.
873 1537 890 1591 )
914 1539 1022 1578 Haec
1043 1538 1182 1604 pagina
1203 1551 1253 1579 ex
1267 1537 1436 1599 epistolis
1455 1537 1671 1578 Phalaridis.

398 1592 594 1632 Bonan:
587 1607 609 1631 ι.
627 1606 660 1631 e.
681 1578 790 1644 p.ed.
805 1591 914 1631 Paris.
928 1605 1029 1645 quae
1045 1591 1124 1630 ab‘'
1108 1607 1181 1640 οσῳ
1203 1592 1385 1645 incipiens
1396 1591 1444 1632 ad
1455 1593 1552 1633 med.
1567 1605 1599 1633 c.
1620 1605 1670 1633 10

398 1645 473 1687 lese
486 1647 666 1686 extendit.
682 1646 829 1685 ΚΕΗ-Ζ.

455 1703 529 1739 ead.
544 1701 566 1739 l.
584 1714 640 1752 13.
655 1699 800 1753 Φερειν)
817 1700 910 1738 Vitii
926 1699 950 1738 s¹
941 1698 1137 1753 ¹1spe&um
1157 1698 1212 1739 est
1227 1699 1316 1738 mihi
1337 1699 1428 1739 illud
1447 1699 1573 1751 φέρειν.
1590 1699 1671 1739 Ex·-¹

402 1753 506 1794 cusat
520 1754 684 1793 Phalaris
699 1753 885 1793 obie&am
898 1753 964 1792 fibi
980 1753 1100 1807 vulgo
1113 1753 1372 1793 crudelitatem
1386 1755 1536 1805 ,primo
1549 1766 1597 1793 ex
1611 1755 1671 1793 in-

402 1808 539 1847 stituto
552 1806 904 1859 sapientissimorum
928 1807 1210 1860 legislatorum,
1223 1808 1291 1859 qui
1309 1806 1500 1860 suppliciis
1521 1807 1561 1846 δι
1575 1820 1672 1860 poe·
1689 1804 1699 1814 '

400 1863 463 1901 nis
477 1861 664 1902 tumendis
682 1862 888 1914 plurimum
909 1862 1131 1909 tribuerint,
1147 1870 1254 1900 metu
1273 1873 1438 1922 namque
1455 1873 1670 1923 poenarum

403 1916 536 1956 ubivis
550 1915 804 1955 continendos
826 1913 899 1955 effe
922 1913 1115 1963 subditos;
1134 1915 1247 1967 idque
1267 1927 1317 1954 eo
1339 1916 1483 1969 magis,
1497 1914 1564 1954 ubi.
1582 1916 1673 1968 quis

402 1970 537 2009 invitis
550 1970 725 2010 civibus
719 1980 889 2022 imperet.
906 1968 987 2009 Sibi
1003 1982 1100 2008 vero
1124 1980 1272 2008 tantum
1288 1969 1569 2021 puniendorum
1585 1980 1671 2008 ma·

402 2023 631 2070 leficorum‚
651 2022 804 2076 seseque
827 2021 896 2076 ipsi
916 2023 1220 2076 opponentium.
1244 2023 1416 2075 quotidie
1435 2021 1678 2064 succrescere*

402 2090 631 2124 numerum,
656 2089 698 2117 ut
719 2090 779 2116 res
801 2077 964 2130 Hydrae
980 2077 1155 2116 videatur
1170 2075 1307 2116 similis.
1330 2077 1472 2128 Quanto
1487 2077 1571 2115 enim
1585 2076 1669 2130 plu-

403 2148 467 2178 res,
488 2133 633 2185 pergit,
647 2130 888 2182 exscindimus,
907 2142 1001 2170 tanto
1015 2132 1130 2182 plures
1149 2131 1434 2170 animadvertendi
1451 2131 1669 2182 renafiuntur

404 2187 579 2225 identidem
592 2187 686 2225 nobis
698 2187 910 2237 neceffitates,
922 2184 1004 2224 five
1017 2186 1213 2232 occasiones.
1232 2185 1387 2238 Cogimur
1399 2197 1510 2225 autem
1522 2206 1567 2216 —-·
1580 2201 1621 2224 ac
1631 2186 1674 2223 id

404 2243 498 2292 quod
510 2241 595 2278 iden.
589 2240 683 2279 idem
696 2238 895 2292 succrefiit,
911 2240 1065 2288 evellere,
1079 2239 1114 2278 δ’
1128 2238 1274 2293 111·οῇεέἶο
1286 2253 1416 2278 exurere
1429 2254 1504 2278 cum
1517 2238 1627 2286 Iolao,
1631 2240 1674 2290 s

405 2295 664 2344 confirmatum
652 2294 823 2346 1mperium
837 2293 1110 2345 habiturifimus.
1126 2294 1317 2346 Apparet,
1331 2293 1422 2332 nihil
1440 2292 1564 2332 minus
1582 2292 1670 2340 hic,

404 2360 523 2400 quam
538 2348 624 2400 φέρε
627 2363 673 2394 ιν,
687 2359 913 2413 congruere.
934 2347 1074 2411 Neque
1092 2360 1207 2393 vero,
1228 2347 1294 2400 qui
1315 2346 1514 2386 identidem
1528 2355 1670 2387 contu-

407 2413 534 2440 maces
549 2400 724 2440 ἐκκόπτει
740 2415 802 2440 mn
817 2400 1001 2449 επιιιαίει,
1017 2400 1101 2441 illos
1116 2401 1196 2440 ullo
1211 2400 1328 2440 modo
1340 2400 1430 2462 fert,-
1441 2401 1595 2462 patitur,
1608 2411 1670 2439 to·

405 2454 512 2494 lerat.
523 2454 586 2493 An
599 2455 797 2518 legendum
811 2456 924 2507 Βερίζε
928 2469 971 2504 ιν,
983 2458 1149 2494 demetere.
1147 2457 1165 2483 Ρ
1178 2455 1221 2494 Id
1235 2466 1338 2494 certe
1352 2443 1496 2515 optime
1512 2453 1673 2505 respon.

408 2508 469 2550 det
491 2522 582 2558 τοις,
603 2508 798 2553 εκκὸπτειν
815 2508 889 2551 &'
875 2509 1066 2554 επικᾳίειν.
1089 2508 1153 2552 De
1169 2507 1302 2561 Iolao,
1316 2509 1383 2565 qui
1397 2508 1558 2562 Hydrae
1577 2507 1670 2550 Ler-
