1730 3326
272 205 373 253 IN
437 205 1089 255 ABDICATUM.
1224 227 1309 277 371

48 293 90 335 δι
105 293 203 348 seqq.
214 294 282 333 ubi
294 294 420 348 plures
431 294 568 333 indicat
583 294 772 340 auftores,
787 295 853 346 qui
866 295 977 348 super
989 296 1059 335 hac
1074 308 1114 335 re
1128 296 1317 351 scripsere.

47 341 192 388 P‘rodiit
206 349 319 387 etiam
340 360 462 399 nuper
480 349 517 386 in
534 348 740 388 Germania
754 349 903 388 libellus
915 380 925 396 ‚
949 351 1108 388 Medicus
1120 351 1315 402 afinitate

46 402 218 450 liberatus,
233 415 346 454 quem
361 412 487 440 tamen
502 402 627 440 oculis
639 401 820 441 subiicere
834 404 1005 441 nondum
1023 404 1141 442 licuit.
1160 405 1308 447 RE1Tz.

103 456 194 508 Pag.
212 469 273 504 27.
289 456 313 493 l.
330 470 363 494 2.
388 454 635 507 Προνομείοιν)
658 454 837 494 Vorstius
868 455 1005 494 frustra
1023 462 1219 508 προνομίαν
1244 460 1314 500 suo

48 507 185 548 Codici
198 507 398 560 adscripsit.
423 508 579 546 Sor-AN.
606 508 700 561 Cap.
720 507 794 561 seq.
815 509 951 548 iterum
970 509 1018 548 sic
1030 514 1223 559 occurrit,
1248 515 1315 553 ubi

47 572 174 601 tamen
191 562 473 615 diphthongum
493 577 522 599 ει
538 562 574 599 in
586 562 674 599 Αἶά.
691 575 850 614 quoque
862 562 1070 615 express'am
1093 564 1236 603 delevit
1251 580 1315 605 ea-

45 616 131 664 dem
147 628 293 661 manus,
307 628 408 668 quae
420 615 676 654 variationem
687 616 887 667 προνομίας
899 615 1159 669 adscripscrat:
1175 620 1248 658 hoc
1264 631 1316 658 ta-

45 681 134 709 men
148 670 238 708 loco
254 670 350 707 idem
366 668 551 707 intacium
566 668 736 721 reliquit3
762 682 832 709 nec
853 682 929 722 ego
952 671 1163 723 quidquam
1188 684 1315 713 muta-

42 731 125 763 tum
139 722 267 762 velim.
301 723 449 761 REITz.

100 779 172 814 ead.
185 777 207 815 l.
227 789 284 824 17.
307 773 511 828 Πατρικιῖς)
528 775 657 816 Locus
672 775 771 815 haud
789 776 902 816 dubie
921 789 1129 830 corruptus
1140 793 1153 827 ;
1173 781 1242 832 qui
1256 792 1315 820 ta-

43 842 132 869 men
147 828 198 869 fic
215 830 544 882 interpungend0‚
566 830 720 881 levique
737 830 930 869 additione
953 833 1121 871 voculae
1142 834 1204 872 ml
1226 847 1315 876 ante

44 883 186 922 ἀτελὴς
201 885 464 935 quadantenus
476 883 625 922 sanatus
643 884 827 922 videatur.
841 884 997 923 SOLAN.
1016 886 1107 925 Non
1123 888 1249 938 capiet
1261 889 1316 929 le·

44 936 144 985 ἑὶοτ,
157 938 250 989 quid
262 937 423 976 Solanus
436 936 504 975 fibi
516 938 623 983 velit,
636 937 778 985 dicens,
783 940 836 988 fic
849 939 1108 990 interpungendo
1116 956 1133 987 ;
1146 941 1215 979 nisi
1230 957 1313 982 mo.

43 1003 170 1038 neam,
183 991 220 1029 in
233 991 290 1029 ed.
302 992 331 1029 l.
341 1001 431 1029 ante
445 990 633 1042 ’πατρικῆς
646 1003 798 1029 comma
814 1003 962 1031 tantum
977 991 1100 1038 fuiffe,
1113 996 1218 1045 quod
1234 998 1310 1035 isin

41 1043 226 1098 punctum
246 1045 372 1083 minus
388 1045 564 1082 mutavit.
589 1044 660 1083 Sed
683 1045 720 1082 in
738 1045 820 1083 Par.
846 1056 974 1083 tamen
990 1046 1062 1084 iam
1077 1048 1203 1087 aderat
1220 1050 1311 1090 illud

42 1097 241 1151 puhelum.
256 1099 340 1150 Ego
354 1111 452 1137 vero
464 1099 503 1136 &
513 1098 674 1136 alterum
689 1110 859 1144 comma,
869 1101 973 1151 quod
988 1110 1074 1138 ante
1090 1097 1253 1143 ὅῶεσῇαι
1270 1105 1311 1143 in

42 1152 125 1191 edd.
135 1162 229 1196 erat,
243 1152 352 1204 plane
367 1151 507 1190 sustuli.
520 1151 669 1190 Contra
683 1151 834 1191 servavi
847 1153 1008 1192 alterum
1023 1166 1191 1202 comma,
1203 1159 1311 1209 quod

43 1205 128 1258 post
140 1202 289 1257 ἄμοιρος
301 1206 401 1245 recte
412 1206 449 1243 in
461 1205 546 1243 Par.
562 1204 646 1250 fuit,
658 1218 744 1245 cum
756 1206 792 1244 in
802 1206 829 1245 J.
844 1207 1028 1258 punflum
1043 1208 1095 1246 ibi
1109 1208 1207 1249 effet.
1217 1212 1312 1251 Non

40 1268 169 1298 tamen
178 1259 249 1298 ads
245 1272 425 1311 pernarer
433 1258 496 1297 καὶ
505 1259 684 1311 planioris
696 1259 767 1298 stili
778 1259 888 1300 causa
896 1261 945 1299 ab
956 1261 1102 1301 Solano
1111 1263 1310 1312 insertum,

39 1322 85 1353 ut
94 1313 212 1366 legas,
222 1318 369 1366 ἀμοιρος
380 1312 445 1352 καὶ
462 1312 603 1351 ἀτελὴς
619 1309 637 1351 ἡ
651 1314 783 1366 τέχνη.
804 1315 951 1354 Verum
969 1327 1048 1354 non
1065 1316 1174 1367 plane
1187 1319 1310 1360 neces-

39 1365 181 1407 sarium
191 1367 226 1406 id
239 1365 531 1414 videtur‚modo
544 1365 692 1405 rursum
707 1367 809 1406 aliud
819 1381 986 1415 comma,
995 1370 1101 1421 quod
1110 1372 1194 1422 post
1203 1371 1309 1422 ἄμοι-

35 1436 94 1474 ρος
106 1420 173 1468 est,
186 1421 312 1460 deleas
324 1451 336 1466 ‚
352 1421 532 1460 nimirum
548 1421 732 1473 legendo:
755 1421 939 1474 πατρικῆς
955 1422 996 1461 ‹5’
1010 1424 1185 1477 ἀνάγκης
1197 1443 1308 1476 apun-

37 1489 96 1527 ρος
110 1474 248 1514 ἀτελὴς
262 1473 280 1516 ἦ
298 1475 435 1526 τέχνη·
460 1474 818 1527 construendoque,
831 1476 990 1515 immunis
1007 1476 1069 1515 illa
1084 1494 1141 1516 ars
1156 1482 1307 1534 compul-

27 1529 139 1582 fionis
149 1541 309 1581 paternae
322 1543 438 1579 expers
451 1530 503 1581 est.
530 1528 576 1567 Et
592 1529 667 1568 hoc
681 1529 807 1581 ipsum
827 1540 954 1569 tamen
977 1528 1223 1583 significatur,
1238 1534 1306 1574 etsi

35 1595 188 1624 comma
202 1584 287 1636 post
298 1581 446 1634 ἄμοιρος
457 1592 621 1621 maneat.
641 1582 788 1621 Rmrz.

92 1637 182 1689 Pag.
204 1636 265 1675 28.
277 1637 298 1674 l.
313 1651 350 1685 4.
368 1635 481 1685 Ὕπὲς
496 1633 561 1674 τοῖς
572 1636 728 1688 τέχνης,
743 1636 774 1674 εἰ
787 1635 851 1674 καὶ
862 1633 928 1675 σοῦ
941 1635 1223 1692 ἓιὲειξειμένου)
1240 1640 1308 1680 Vi-

36 1692 189 1731 truvius
203 1691 242 1729 in
259 1689 494 1742 praefatione
508 1690 591 1727 libri
606 1690 660 1729 Vl
673 1689 724 1729 sle
739 1689 880 1729 scribit:
898 1691 1027 1730 Alexis
1041 1695 1156 1744 poeta
1171 1693 1308 1734 Comi.

37 1757 108 1785 cus
123 1744 284 1792 dicebat,
306 1742 560 1782 Athenienses
575 1743 626 1782 ob
640 1756 724 1782 eam
740 1756 820 1783 rem
842 1743 916 1783 effe
931 1745 1161 1792 laudandos,
1184 1749 1303 1800 quod,

36 1811 127 1840 cum
143 1799 317 1838 omnium
330 1797 570 1838 Graecorum
591 1797 695 1849 leges
708 1809 861 1850 cogant,
878 1810 1051 1851 parentes
1071 1800 1118 1838 ali
1132 1814 1153 1839 a
1167 1801 1306 1852 liberis,

39 1852 327 1894 Atheniensium
342 1864 422 1891 non
437 1863 583 1899 omneS,
599 1851 660 1890 sed
669 1864 737 1890 eos
751 1863 915 1899 tantum,
928 1854 994 1905 qui
1005 1853 1149 1894 liberos
1161 1857 1305 1897 artibus

38 1905 266 1948 erudiiffent.
289 1906 344 1945 lta
357 1905 454 1945 Plur.
469 1906 506 1944 in
521 1905 654 1944 Solon.
681 1904 828 1946 CoGN.

43 1989 47 1993 .
93 1962 167 2000 ead.
182 1961 205 2000 l.
218 1961 254 2000 6.
279 1960 349 1998 Καὶ
363 1958 526 2012 ταύτην)
550 1959 655 1998 Male
669 1958 779 1999 sanae
793 1960 852 2000 hic
865 1959 947 1999 edd.
966 1960 1006 1998 in
1021 1961 1159 2013 quibus
1179 1966 1305 2004 omni-

39 2013 113 2054 hus
125 2015 216 2053 illud
233 2015 296 2052 καὶ
318 2013 430 2052 deest.
453 2014 538 2052 Nos
557 2026 604 2051 ex
625 2014 800 2065 ingenio,
821 2013 881 2053 sed
898 2013 1056 2053 fidenter
1069 2025 1194 2054 tamen
1210 2019 1247 2056 in
1262 2032 1305 2059 re

39 2067 249 2113 manifesta,
264 2066 504 2107 inseruimus.
517 2067 674 2107 SOLAN.
690 2067 764 2107 Hic
775 2066 919 2107 Solano
933 2081 1079 2106 morem
1094 2069 1183 2121 geffi
1197 2073 1234 2110 in
1249 2086 1303 2112 re.

39 2123 216 2176 cipiendo
224 2122 398 2173 nai,quia
412 2122 535 2160 maior
545 2121 604 2159 hic
615 2120 667 2160 est
679 2120 886 2170 neceffitas,
898 2135 1012 2174 quam
1022 2121 1144 2173 supra.
1154 2124 1300 2166 Rmz.

94 2180 168 2215 ead.
188 2178 212 2215 l.
239 2189 253 2214 1
266 2188 297 2214 1.
322 2174 530 2224 Μεμέιθηκά
545 2189 599 2214 σοι
618 2196 662 2205 -
685 2171 788 2215 οὐθὲν
808 2176 944 2228 παρὰ)
971 2176 1303 2229 Transponantur.

41 2229 111 2271 GU
116 2241 211 2270 YET.
224 2230 337 2269 Mens
347 2229 500 2280 Guyeti
511 2230 667 2268 videtur
677 2229 768 2269 haec
780 2228 868 2275 effe,
878 2229 1078 2281 legendum
1092 2243 1176 2269 nem
1183 2246 1229 2284 pe
1239 2247 1304 2273 or-

0 2305 1 2311 *
40 2285 130 2324 dine
144 2294 314 2324 mutato:
338 2284 403 2321 καὶ
423 2283 521 2333 ὅμως
539 2280 654 2322 αὐτὴν
672 2282 876 2333 μεμάθηκά
890 2298 968 2331 σοι,
992 2280 1096 2323 05st
1114 2289 1221 2338 παρὰ,
1236 2287 1302 2328 σοῦ

0 2354 1 2358 ’
42 2341 133 2390 πρὸς
143 2341 185 2377 τὸ
196 2336 324 2388 μαθεῖν
339 2336 455 2389 ἔχων,
469 2339 533 2376 καὶ
546 2336 690 2388 πρῶτος
702 2333 817 2377 αὐτῆς
827 2341 1115 2377 ἀπολέλαυκας.
1132 2339 1178 2378 Et
1189 2340 1239 2380 stc
1252 2342 1303 2381 sa·

40 2404 91 2432 ne
104 2390 228 2432 sensus
243 2390 424 2444 vulgatae
438 2404 518 2430 non
530 2391 740 2430 cohaerens
752 2390 795 2429 fit
808 2389 1067 2444 apertissimus.
1091 2391 1152 2432 Ac
1166 2407 1302 2445 parum

42 2445 137 2486 mihi
147 2445 358 2499 temperavi
369 2477 382 2493 ,
399 2446 490 2498 quin
503 2447 554 2485 ita
566 2445 624 2485 edi
635 2444 830 2485 curassem.
846 2444 951 2485 Nihil
962 2446 1062 2484 enim
1079 2443 1226 2487 facilius
1242 2463 1305 2490 ac-

44 2499 169 2540 cidere
179 2500 329 2556 potuit,
340 2513 457 2555 quam
469 2511 511 2541 ut
523 2500 671 2554 integer
684 2500 818 2544 versus
828 2512 852 2539 a
864 2499 1020 2539 librario
1034 2499 1207 2548 omiffus,
1219 2503 1304 2543 dein

935 2555 973 2592 A
986 2566 1007 2592 a
1035 2567 1058 2592 2
