1730 3326
360 183 451 250 584
547 181 1435 234 ANNOTATIONES

409 274 483 311 ead.
495 273 518 310 l.
531 286 546 312 1
556 285 591 311 2.
601 271 665 311 Ὠς
679 272 757 312 ἀπὸ
767 271 904 323 μικρᾶς
917 271 1073 324 λύσεως)
1086 271 1322 319 Βεῐιεόἱᾶυε,
1333 285 1494 325 tanquam
1505 290 1529 313 a
1535 277 1621 327 parc

355 341 400 364 vo
416 325 549 377 occasu.
565 326 674 378 Legit
680 339 786 387 ergo
797 325 955 371 suam,
974 338 1075 377 quae
1090 325 1235 364 nullum
1253 327 1311 366 hic
1329 326 1475 366 sensum
1497 328 1626 369 habet:

356 379 434 419 Alii
448 395 469 417 ,ι
480 394 589 431 parvo
597 380 736 430 fomite
751 379 863 418 nimis
874 379 1075 426 translate,
1100 391 1170 417 nec
1185 391 1285 439 opus
1298 391 1377 419 tam
1391 380 1464 419 alta
1478 379 1627 432 figura,
1689 423 1693 429 ,

356 444 445 472 cum
461 445 549 485 apte
567 431 749 484 poffimus
769 445 813 472 ac
830 432 1036 471 debeamus
1056 433 1149 470 velut
1173 433 1330 483 exiguam
1345 437 1460 472 melae
1474 433 1628 484 solutio-

357 500 429 523 nem
445 487 506 524 vel
528 486 802 526 laxamentum.
817 485 961 526 (ΞΒΟΝ.
982 485 1121 525 Aldina
1144 485 1257 524 1εᾶἰο
1280 486 1321 525 &
1341 487 1418 539 ipsa
1436 487 1520 538 post
1539 487 1628 527 lon-
1687 527 1694 537 Χ

358 551 423 590 gas
439 539 550 578 huius
571 539 646 578 loci
669 540 864 586 tenebras,
880 536 927 577 ὧς
947 539 1024 577 ἀπὸ
1045 539 1196 589 μακρᾶς
1220 538 1378 586 stium,
1401 542 1626 582 revocanda

359 593 508 631 merito.
524 593 665 638 Miror,
676 592 897 644 ᾳυίἓυσεως
918 592 1037 638 vidit,
1051 604 1142 631 eum
1157 593 1309 642 μακρᾶς
1359 592 1498 633 otuiffe
1515 593 1628 646 fuge·

357 658 410 685 re.
424 645 721 685 Convenitcum
740 645 1080 697 praecedentibus
1084 646 1146 684 ubi
1162 659 1312 692 αφωνος,
1326 606 1367 685 gt
1381 647 1554 690 ssoeoea'ew'
1545 661 1629 687 em-

360 699 542 748 τεθειμένκ
566 697 669 740 λήθην
690 711 944 752 unaquaeque
971 700 1106 738 artium
1130 711 1312 745 vocatur,
1343 712 1431 738 cum
1455 699 1626 753 respectu

358 749 460 791 forte
473 752 517 790 ad
532 752 614 791 illas
627 763 799 792 aeternas
811 765 937 792 rerum
950 752 1215 791 revolutiones
1227 753 1294 791 &’
1278 756 1625 794 αποκαταστάσεις

358 804 506 844 Stoicas
523 805 564 844 δε
588 806 842 850 Heraclioeas,
864 804 1212 858 Pythagoricalque
1233 806 1349 845 adeo:
1369 807 1432 845 vel
1452 819 1555 847 certe
1579 807 1626 848 ad

357 857 594 898 Platonicum
611 860 701 898 illud
714 859 1031 920 Socraticumque
1044 859 1197 918 dogma,
1207 871 1289 912 quo
1302 859 1439 899 discere
1451 859 1503 898 est
1517 861 1631 899 remi-

359 911 461 951 nisci.
487 912 611 952 Gnsx.
626 913 719 951 Ἀπδ
740 928 879 964 μικρας
903 912 1044 951 λύσεως
1065 924 1145 951 erat
1169 925 1205 951 in
1227 925 1332 952 omn.
1358 913 1440 952 edd.
1464 925 1627 966 excepta

359 966 447 1004 Αἶά.
465 979 499 1005 2.
511 979 625 1018 quam
641 965 754 1006 Gesn.
769 967 916 1005 indicat.
935 966 976 1005 In
992 967 1079 1005 Ald.
1095 980 1126 1004 1.
1142 978 1270 1005 autem
1283 978 1406 1018 aeque
1419 965 1473 1006 est
1487 967 1629 1006 λύσεως

359 1030 474 1072 atque
491 1021 529 1057 in
544 1021 689 1059 ceteris.
704 1020 776 1060 Sed
796 1033 884 1059 cum
905 1021 942 1059 δι
962 1019 1091 1059 Pelleti
1110 1019 1207 1058 Cod
1231 1020 1386 1059 accedat
1406 1019 1562 1060 leffioni
1579 1020 1630 1060 ab

360 1071 475 1112 Gesn.
490 1072 674 1114 &Solam
689 1086 919 1121 revocatae,
932 1073 1126 1125 vulgatam
1140 1073 1263 1112 reieci.
1278 1072 1428 1113 Reirz.

413 1127 493 1165 ibid.
510 1127 672 1179 Auum)
689 1127 772 1179 Ego
783 1126 940 1174 δύσεως,
956 1128 1003 1166 ab
1003 1107 1179 1165 ”auctore
1191 1127 1303 1165 huius
1318 1127 1434 1166 libelli
1448 1125 1630 1178 scriptum

359 1178 468 1219 fuisse
481 1180 669 1219 existimo.
681 1181 838 1220 SOLAN.
854 1179 1010 1221 Abram.
1025 1182 1151 1231 Guyet.
1165 1179 1225 1219 Sic
1237 1179 1418 1219 disertein
1429 1192 1528 1219 nott.
1541 1180 1628 1222 Mff.

359 1232 513 1283 Guyeti
534 1233 752 1285 legebatur:
771 1246 850 1273 non
872 1234 1006 1273 dubito
1031 1246 1181 1281 tamen,
1193 1234 1300 1285 quin
1323 1232 1564 1274 describentis
1583 1233 1628 1274 slt

359 1286 521 1334 vitium,
510 1301 518 1308 ·
537 1300 623 1325 nam
641 1287 782 1326 δύσεως
795 1287 931 1327 ειυᾶοι·
944 1288 1078 1326 voluit.
1094 1287 1238 1326 Rtlrz.

415 1340 506 1391 Pag.
526 1354 613 1391 297.
629 1342 651 1379 I.
668 1356 703 1388 4.
718 1340 946 1393 Επιθυμίοιι)
960 1341 1025 1380 An
1043 1340 1222 1392 glossema
1241 1339 1294 1379 est
1308 1354 1374 1378 του
1388 1342 1555 1380 ποικίλαι
1568 1355 1631 1380 σο·

359 1394 472 1442 φίας
487 1394 623 1433 Placet.
638 1394 806 1435 Gon-21.
823 1396 892 1433 Και
905 1407 984 1433 non
999 1394 1141 1446 legerat
1155 1393 1365 1445 Guyetus
1359 1407 1396 1432 ιη
1415 1393 1480 1433 sua
1498 1394 1556 1434 ed.
1575 1395 1630 1434 id

358 1459 487 1499 eoque
501 1460 572 1499 pro
585 1447 805 1499 glossemate
816 1448 948 1488 habuit
959 1447 1235 1499 appositionem
1251 1461 1315 1485 του
1297 1446 1558 1498 ἐπιθυμίας·“
1550 1461 1628 1488 lam

355 1512 459 1539 vero
458 1513 656 1594 1{apparet
674 1515 755 1542 non
769 1501 842 1542 effe
857 1502 967 1554 plane
981 1503 1104 1549 idem,
1128 1501 1235 1555 quod
1256 1500 1340 1554 post
1360 1502 1489 1552 σοφίαι
1505 1500 1630 1555 sequi-

356 1564 435 1593 tur.
498 1566 588 1594 Errz

413 1612 488 1648 ead.
507 1610 530 1647 l.
546 1608 582 1648 8.
600 1608 984 1661 ruminemnaovosca)
1001 1608 1055 1648 At
1069 1607 1225 1661 suprac.
1241 1623 1290 1658 27
1301 1622 1510 1662 ’yvvouneaot
1528 1608 1630 1648 σὺνο·

359 1659 420 1700 ὃοι
436 1662 517 1701 edd.
537 1663 642 1714 quod
664 1675 712 1701 ex
733 1662 914 1703 hocloco
928 1663 1197 1714 corrigendum
1219 1673 1349 1702 tamen
1365 1662 1628 1710 servavimus,

357 1726 402 1754 ut
424 1716 587 1755 habeant
612 1716 653 1755 δι
672 1716 756 1763 alii,
778 1716 817 1754 in
832 1728 913 1769 quo
937 1715 974 1756 se
997 1729 1210 1756 exerceant.
1225 1717 1344 1764 Vide,
1368 1729 1468 1769 quae
1490 1716 1541 1755 ibi
1556 1729 1630 1756 no-

358 1770 454 1808 tavi.
473 1769 622 1809 RnTz.
1471 1812 1474 1815 ,

415 1826 488 1863 ead.
504 1825 528 1863 l.
545 1838 558 1862 1
573 1837 602 1863 1.
623 1823 850 1876 Νομίζομεν)
866 1822 999 1864 Frater
1013 1823 1142 1864 iunior
1165 1823 1334 1864 Carolus
1356 1823 1462 1863 malit
1482 1823 1630 1876 νομίζω-ἶ

355 1890 438 1933 μεν·
453 1877 714 1918 cuiaflentior.
731 1877 876 1917 Rilez.

415 1932 600 1984 ead.l.13.
618 1931 717 1981 Ἐμοι
732 1954 776 1961 -
789 1931 908 1984 ‘yemis‘
925 1954 969 1961 —
983 1930 1114 1984 ἐτη-κει)
1129 1930 1217 1970 Vid.
1232 1931 1278 1970 de
1291 1930 1361 1971 hac
1376 1929 1502 1984 phrasi
1512 1938 1629 1984 agen-¹

359 1995 436 2024 tem
451 1973 664 2026 Hemsterh
679 1985 723 2023 ad
738 1984 930 2024 Prometh.
943 1985 959 2035 §
977 1985 1173 2027 2.RE1TZ·

413 2042 487 2078 ead.
508 2040 529 2078 l.
548 2053 605 2087 ¹4·
627 2038 769 2078 Σκυθων
784 2040 962 2089 ἐρημίαν)
985 2039 1047 2078 Ad
1063 2051 1162 2092 quae
1176 2037 1358 2078 Chariclis
1381 2039 1502 2079 verba
1519 2037 1631 2090 respi-

359 2092 435 2130 ciat
449 2124 460 2140 ‚
476 2094 664 2132 incertum
685 2091 750 2131 est.
765 2091 837 2132 Sed
862 2092 912 2133 s1c
937 2092 1123 2132 invidiose
1145 2091 1265 2132 solent
1287 2104 1461 2132 oratores
1475 2105 1543 2132 aut
1563 2094 1629 2136 de-.

358 2155 545 2199 torquere
558 2145 756 2187 adversarii
773 2147 913 2191 verba
929 2156 997 2186 aut
1009 2146 1120 2186 etiam
1135 2145 1290 2198 fingere.
1305 2146 1463 2186 Sorm.

415 2204 488 2238 ead.
512 2201 536 2239 Ι.
553 2215 610 2251 15·
627 2199 729 2238 Τῆς
716 2215 818 2253 afyw
840 2201 1100 2251 φιλονεικίας)
1118 2200 1260 2240 Similia
1283 2201 1395 2240 huius
1416 2199 1627 2241 locutionis

358 2254 534 2307 exempla
546 2254 621 2293 vid
641 2254 752 2306 supra
766 2255 813 2293 ad
831 2267 864 2294 c.
884 2254 940 2294 16
952 2254 1100 2295 Rm'rz.

415 2307 506 2358 Pag.
524 2307 612 2357 298.
628 2308 650 2346 Ι.
668 2321 701 2346 1.
719 2306 911 2366 Οὖὸὲγᾰς
922 2308 1219 2373 &c.)lnterpres
1232 2307 1369 2356 verba,
1381 2304 1470 2346 οὐδὲ
1485 2309 1562 2360 γὰρ
1575 2304 1624 2347 ὥς

361 2358 508 2399 ἔναντα
531 2361 596 2411 <pez
582 2361 817 2415 είγόμενος,
844 2364 895 2400 εἰς
918 2363 1109 2413 ἐπεχείρει
1135 2363 1226 2414 λῆς
1213 2377 1287 2407 ε,ιν
1311 2374 1360 2401 ex
1374 2362 1628 2454 ignoratione

361 2413 587 2453 Hellenismi
604 2426 777 2459 vertens,
803 2431 904 2468 neque
925 2416 1009 2454 em'm
1031 2416 1134 2454 veluti
1156 2417 1214 2468 qui
1236 2416 1404 2455 contraria
1481 2429 1633 2483 ueretm·⁵

359 2467 480 2518 quibys
494 2468 597 2517 dicere
609 2469 819 2523 aggrediebat
822 2485 876 2516 ut,
891 2469 1015 2526 palam
1039 2470 1233 2524 pervertit.
1248 2469 1337 2513 Alia
1353 2469 1412 2511 hic
1427 2417 1480 2511 eg
1495 2445 1633 2520 syma-
