1730 3326
227 216 325 262 IN
388 216 1149 264 ALEXANDRUM.
1232 236 1326 283 407

66 303 233 356 φιλτοῦ.
246 303 484 357 Sagaciffime
498 306 592 344 vidit
606 305 834 345 Gronovius
847 318 930 358 pag.
950 319 1061 358 1034,
1076 305 1149 357 (ed.
1163 305 1327 360 Graev.)

64 358 264 410 legendum
276 359 317 396 ἐκ
329 360 465 397 πίττης
478 363 664 408 Βρυττίαις·
677 359 786 410 plane
798 360 897 398 enim
910 360 960 397 it'a
971 360 1087 398 editio
1100 359 1129 397 F
1132 360 1201 398 lor.
1216 360 1320 400 IENS.

63 410 268 463 (Βρυττίας
282 411 482 462 legendum
506 424 594 450 cum
609 411 786 451 Dioscor.
801 413 863 450 vel
883 413 1075 463 Βρηττῐοις·
1089 426 1127 451 ν.
1148 413 1324 453 strabon.

69 464 197 525 Vorst.)
206 464 334 503 Secuti
345 463 471 504 sumus
482 464 704 518 scripturam
715 465 770 504 ed.
783 466 835 503 Fl.
849 478 924 517 qua
936 465 1188 504 confirmatur
1199 479 1326 505 emen·

64 517 171 557 datto
191 517 388 558 Gronovii
402 517 442 557 δι
465 518 640 557 aliorum.
657 518 701 557 In
721 519 874 570 reliquis
895 521 1095 568 Βηρυττίας
1113 519 1260 570 legitur.
1277 521 1327 559 V.

66 572 184 623 Leop.
197 571 270 615 lv,
285 569 330 609 11.
349 571 444 610 Plut.
458 571 526 610 vit.
545 584 621 624 997
636 570 659 609 f.
681 570 809 611 Goltz.
828 573 865 610 in
887 572 1050 610 nummis
1070 572 1125 610 M.
1142 572 1327 612 Graeciae

64 624 140 664 tab.
158 639 207 670 24
218 621 388 676 Βρῆττιοι.
406 624 452 664 Et
469 623 558 665 AG.
574 623 665 671 VII,
677 638 774 673 414,
790 624 831 664 &
842 625 911 664 IV.
929 624 1088 663 SOLAN.

119 680 191 717 ead.
202 678 224 716 l.
242 691 298 729 13.
314 678 413 716 ΛίΘου
433 675 495 717 τοῦ
513 676 744 730 διαφανοῦς)
764 677 898 717 Suidae
917 678 1112 731 φεγγῖταιι
1128 676 1227 717 λίθοι.
1251 678 1326 719 Hic

62 730 161 782 lapis
175 731 271 770 inter
285 731 473 783 deperdita
487 731 743 771 numerandus
755 761 766 776 ‚
782 730 808 770 fi
823 732 904 771 talis
920 731 1031 770 fuerit
1044 762 1055 779 ‚
1069 732 1191 782 qualis
1208 732 1254 770 ab
1272 734 1328 771 A·

65 783 223 835 ristoph.
247 784 450 823 Scholiasta
465 783 684 825 describitur
700 785 739 823 in
753 785 854 824 Nub.
875 785 931 833 ΙΙ,
951 785 1010 825 Sc.
1032 799 1063 823 1.
1079 785 1150 825 Sed
1171 785 1329 825 halluci-

67 849 180 877 natur
202 838 253 876 ibi
278 837 524 885 Scholiastes,
542 839 580 878 δι
603 852 652 878 ex
671 838 752 891 ipso
773 839 886 878 Arist.
905 838 989 878 satis
1014 850 1140 891 patere
1162 840 1329 888 videtur,

64 893 262 943 crystallum
274 890 380 931 fuisse
390 913 406 938 1
420 892 472 931 ita
485 891 770 931 conformatum
785 893 824 932 δι
838 893 1049 945 expolitum
1062 923 1074 939 ,
1088 904 1130 931 ut
1144 892 1212 932 soli
1225 894 1330 933 obie—

68 944 173 985 &um
185 944 379 984 materiam
395 946 631 986 accenderet:
647 946 751 999 quod
763 959 834 986 nos
844 946 955 986 hodie
971 948 1077 985 vitris
1090 945 1225 985 nostris
1237 960 1330 986 con-

60 999 178 1041 ‚vexis
191 997 417 1038 curiositatis
438 998 516 1039 fere
537 1001 655 1051 gratia
678 999 921 1053 praestamus.
939 999 1074 1039 Suidae
1097 1001 1134 1038 a&
1158 1000 1329 1039 Scholia-

68 1050 144 1091 ssae
158 1052 194 1090 in
205 1052 379 1092 hocloco
389 1052 706 1092 hallucinationes
716 1066 795 1092 non
808 1064 917 1092 vacat
930 1065 1030 1092 nunc
1041 1054 1200 1092 ulterius
1211 1055 1330 1106 aperi-

67 1117 121 1144 re.
135 1105 215 1146 Fiet
230 1105 305 1146 hoc
316 1106 555 1146 commodius
566 1108 604 1145 in
618 1107 675 1145 ed.
689 1107 825 1146 Suidae
836 1136 845 1153 ,
861 1119 978 1159 quarn
997 1119 1104 1158 parat
1119 1109 1329 1147 contuber-

68 1158 163 1198 nalis
182 1172 289 1199 meus
308 1160 369 1198 vir
388 1160 491 1199 erud.
507 1160 598 1200 Lud.
616 1160 823 1207 Kusterus‚
841 1173 1010 1213 quocum
1027 1173 1128 1200 meas
1142 1161 1211 1199 hac
1227 1162 1272 1200 de
1284 1175 1327 1202 re

68 1212 234 1252 rationes
247 1215 545 1253 communicavi.
558 1214 608 1253 V.
625 1225 772 1262 tamen,
785 1227 883 1268 quae
896 1216 940 1253 de
954 1214 1077 1267 lapide
1092 1214 1326 1255 Bononiensi

68 1265 184 1306 habet
204 1267 241 1306 in
262 1266 328 1306 sua
344 1266 495 1306 Chimia
508 1268 684 1319 Lemery.
699 1268 770 1307 Sed
783 1269 828 1307 ad
845 1268 1054 1308 Lucianum
1074 1269 1200 1307 redeo.
1217 1269 1327 1322 Quid

69 1319 130 1359 hic
142 1319 195 1359 est
208 1319 302 1360 Λίθος
315 1319 516 1368 &cormarrin
536 1320 820 1373 Crystallumne
830 1353 841 1370 ,
856 1334 905 1360 an
921 1321 1010 1361 silex
1025 1322 1248 1373 pellucidus,
1262 1335 1329 1363 aut

70 1373 294 1426 margarita?
320 1374 404 1427 Ego
423 1375 513 1414 nihil
532 1375 715 1414 decerno:
740 1374 801 1415 sed
817 1377 861 1414 de
876 1388 926 1415 eo
946 1376 1124 1415 iudicium
1147 1376 1190 1414 s1t
1213 1391 1332 1429 penes

69 1427 178 1467 viros
201 1427 287 1468 illos
302 1427 497 1476 strenuos,
519 1430 585 1480 qui
606 1440 763 1468 naturae
779 1430 925 1469 arcanis
947 1430 1106 1481 impigre
1121 1429 1329 1471 scrutandis

69 1493 227 1532 operam
241 1483 388 1535 optime
409 1483 615 1522 collocant.
627 1482 674 1521 V.
696 1483 813 1536 Leop.
838 1483 910 1535 (de
931 1482 1051 1534 lapide
1073 1482 1255 1535 speculari
1271 1485 1329 1523 vi·

68 1534 212 1575 dendus
231 1536 457 1589 Aegineta.)
479 1536 635 1576 Sor-An.
651 1536 767 1587 Apud
782 1536 1078 1588 Aristophanem
1099 1537 1240 1576 vitrum
1265 1538 1330 1577 vel

68 1589 292 1639 crystallum
306 1590 485 1641 intelligi,
497 1591 570 1629 alia
584 1590 784 1629 occasione
799 1590 983 1636 diximus,
997 1589 1037 1628 δι
1049 1602 1096 1629 ex
1112 1590 1192 1643 ipso
1207 1591 1328 1643 inspe-

68 1641 134 1682 ἃο
148 1642 232 1682 satis
246 1644 389 1694 patebit
401 1644 628 1695 unicuique3
647 1656 735 1682 nam
751 1644 898 1690 additur
913 1646 972 1682 τὸν
986 1641 1095 1682 §donov
1110 1645 1258 1698 λέγεις
1272 1645 1328 1685 At

13 1735 17 1741 ,
69 1696 157 1748 quis
177 1697 272 1749 lapis
290 1697 348 1736 hic
371 1697 613 1749 intelligatur,
633 1710 770 1750 parum
793 1697 927 1737 refert:
944 1710 1030 1736 nam
1050 1700 1191 1750 quovis
1205 1698 1330 1752 lapide

71 1748 184 1802 poffis
197 1751 243 1790 ad
257 1751 292 1790 id
303 1751 359 1790 uti
369 1780 380 1797 ,
397 1751 516 1790 modo
531 1750 615 1790 satis
627 1752 738 1799 duro,
753 1752 792 1791 δι
807 1753 846 1790 in
859 1752 1055 1804 pulverem
1068 1751 1327 1792 tenuisfimum

69 1803 223 1844 reda&o
235 1836 246 1854 ‚
264 1817 307 1844 ut
321 1804 522 1844 calefac‘lus
541 1817 622 1844 non
641 1804 812 1845 dehiscat.
827 1805 870 1844 In
885 1804 1100 1844 simulandis
1113 1807 1212 1844 enim
1233 1807 1332 1845 anti.

69 1858 158 1909 quis
176 1860 364 1907 nummis,
384 1859 448 1897 vel
469 1858 575 1911 signo
595 1857 769 1898 faciendo
791 1872 838 1898 ex
853 1860 977 1904 vitro,
997 1859 1109 1898 hodie
1130 1870 1231 1899 terra
1247 1861 1329 1900 Ve-

63 1921 160 1950 neta
174 1923 348 1961 utuntur,
368 1912 653 1964 Venetiaansclzen
671 1914 784 1965 Tripel
797 1924 955 1961 vocata,
977 1914 1041 1952 cui
1055 1913 1176 1965 figura
1196 1915 1332 1968 impri-

72 1965 202 2013 mitur,
218 1979 262 2006 ac
274 1968 419 2006 vitrum
432 1967 506 2019 igni
521 1965 762 2019 liquefactum
779 1966 1000 2006 infunditur.
1014 1967 1159 2007 Rfirrz.

125 2020 216 2073 Pag.
231 2020 293 2073 85.
309 2022 331 2059 l.
347 2036 383 2069 4.
395 2020 566 2073 Τιτάναν)
579 2020 707 2059 Attice
721 2022 794 2061 hoc
809 2021 961 2062 dietum.
976 2020 1132 2060 SoLAN.

126 2078 199 2113 ead.
222 2074 245 2112 l.
266 2089 324 2113 11.
350 2076 459 2113 Κατὰ
485 2074 649 2127 Μάγων)
678 2075 763 2125 Celfi
779 2076 854 2113 libri
877 2087 992 2114 contra
1006 2088 1135 2126 magos.
1159 2074 1327 2115 GUYET.

71 2125 187 2167 Periit
199 2128 275 2167 hoc
289 2127 636 2180 praestantiffimum
653 2127 753 2167 Celsi
767 2141 867 2180 opus
877 2159 887 2174 ‚
903 2141 984 2180 quo
1003 2128 1330 2181 praestigiatorum

0 2223 1 2232 ἵ
72 2193 213 2220 arcana
233 2182 425 2235 patebant.
439 2182 614 2221 Meminit
628 2182 740 2221 huius
759 2183 799 2221 &
811 2183 990 2234 Origines
1004 2195 1035 2221 c.
1049 2182 1145 2222 Cels.
1167 2196 1250 2236 pag.
1269 2197 1328 2234 53.

0 2233 1 2243 ¹
72 2233 197 2275 Cuius
221 2237 341 2276 verba
358 2236 401 2275 ad
420 2237 566 2275 initium
591 2236 704 2275 huius
724 2237 810 2275 libri
829 2236 1080 2276 exhibuimus.
1100 2237 1273 2275 Meminit
1294 2238 1334 2276 in

0 2315 2 2341 l
74 2289 311 2341 praefatione
324 2291 437 2329 etiam
449 2290 565 2342 Diog.
578 2290 700 2330 Laert.
713 2289 898 2329 librorum
911 2290 956 2329 de
967 2291 1089 2343 magia
1100 2290 1140 2328 &
1156 2291 1273 2342 magis
1283 2291 1335 2329 ab

0 2345 2 2358 ²
75 2342 282 2383 Aristotele
302 2343 343 2383 &
361 2344 574 2397 Hermippo
591 2343 828 2396 scriptorum.
842 2343 971 2383 Suidas
991 2346 1102 2383 etiam
1118 2344 1334 2383 Antistheni

76 2396 215 2437 librum
226 2429 237 2445 ‚
255 2399 317 2437 cui
333 2401 532 2436 ΜΑΠΚΟΝ
544 2398 677 2437 titulus
689 2428 700 2445 ,
720 2398 873 2445 tribuit3
886 2397 944 2437 sed
958 2398 1002 2436 de
1018 2398 1092 2437 hoc
1104 2397 1202 2436 Celfi
1215 2410 1333 2449 opere

78 2460 214 2490 tacent.
237 2451 394 2490 SOLAN.
418 2451 568 2503 Guyeti
596 2451 815 2491 observatio
840 2452 956 2504 tangit
980 2450 1167 2504 pristinam
1188 2450 1333 2490 verfio-

72 2515 165 2545 nem
179 2535 191 2556 ,
209 2518 307 2559 quae
324 2507 364 2545 de
380 2520 551 2560 magorum
570 2507 699 2545 artibus
712 2504 1156 2608 habebat3quocdgegs10
1177 2504 1342 2547 Gesneri-
