1730 3326
79 197 179 246 IN
243 199 362 247 DE
427 196 1281 263 SALTATIONE.447

29 301 32 304 '
74 289 165 341 Pag.
186 303 200 328 1
210 289 272 328 26.
286 288 310 328 l.
327 302 342 327 1
352 286 497 327 2.'‘Avsv
512 286 617 340 κηροῦ
629 286 850 338 παρακούειν
865 285 937 326 τῶν
951 286 1103 337 φαύλων
1117 288 1283 340 ἓυνάμς-

21 341 98 394 νος)
112 342 319 394 Interpres‚
329 357 402 380 cum
402 343 477 391 fine
487 357 561 380 cera
570 357 623 380 res
634 341 744 380 malas
756 341 871 378 audire
878 342 1008 392 poffim.
1031 341 1120 380 Non
1135 354 1179 381 ex
1185 342 1285 394 pres-

20 394 69 434 sit
83 396 162 433 vim
180 396 287 434 verbi
309 394 545 446 παρακούειν,
560 394 663 447 quod
681 394 819 432 dicitur
837 394 882 431 de
900 406 949 432 eo
962 423 974 439 ‚
997 394 1064 446 qui
1082 393 1284 435 oscitanter

20 448 140 496 audit,
151 461 238 487 cum
254 447 350 487 diua
363 448 519 487 alicuius
533 460 612 487 non
626 447 808 494 afficiunt,
820 446 885 498 qui
898 447 999 485 audit
1013 447 1119 498 quasi
1131 461 1208 487 non
1221 463 1285 488 au-

20 501 118 548 diat3
131 503 169 540 &
187 502 261 540 huc
273 501 382 548 facit,
398 502 504 553 quod
520 514 612 540 mox
629 501 779 546 dicitur,
792 502 898 552 λέγε,
919 495 1024 549 ὧςμῖι
1036 500 1080 539 ἑὲ
1093 502 1285 543 ἀκούοντός

21 568 129 593 τινος.
144 556 351 594 VITRING.

76 609 167 659 Pag.
184 622 267 656 127.
285 609 308 646 l.
325 623 358 662 3.
384 606 471 646 Χθὲς
484 607 546 646 καὶ
558 606 696 660 πρώην)
717 606 817 646 Vide
828 605 1085 658 Paroemiogr.
1107 606 1281 648 Boum).

20 660 86 700 Sic
99 662 218 714 Long.
232 661 323 700 Past.
336 661 402 707 111,
416 675 450 713 p.
466 675 530 713 97,
544 660 622 700 sive
637 674 672 714 p.
686 675 732 713 73
751 661 806 699 ed.
823 659 935 699 Mon.
952 661 1017 712 qui
1033 661 1068 698 in
1082 672 1180 700 nott.
1197 664 1284 714 plu-

19 727 63 754 ra
76 715 188 754 huius
206 715 459 766 proverbialis
473 715 700 762 locutionis,
715 726 792 767 qua
813 721 963 765 tempus
978 713 1184 753 admodum
1207 727 1286 754 nu-

19 781 87 821 per
103 768 227 807 a&um
242 769 459 814 denotetur,
476 767 596 807 affert.
618 768 752 807 Veluti
767 780 815 806 ex
831 766 963 818 Synes.
990 781 1023 820 p.
1041 781 1084 819 15
1107 767 1160 806 D.
1183 769 1284 809 idem

19 820 166 876 profert
184 821 296 861 frater
308 821 427 861 cariff.
443 823 480 860 in
495 822 601 874 Belg.
615 820 793 861 Graeciff.
811 834 847 873 p.
867 834 952 873 537.
972 820 1119 860 Rmz.

75 877 147 914 ead.
161 875 186 913 l.
195 889 232 925 7.
244 874 300 924 Τῷ
315 875 464 928 ἀρχαίῳ
477 875 613 927 ἐκείνῳ)
627 874 742 914 Conf-
757 873 856 926 supr.
871 873 993 914 Deor.
1005 874 1148 914 Dial.11
1163 888 1219 928 pr.
1235 875 1283 916 Et

20 928 144 981 Long.
162 928 252 967 past.
264 929 314 974 ll,
326 943 361 980 p.
376 942 416 980 35
430 929 488 967 ed.
499 929 608 968 Moll.
624 929 689 967 ubi
703 928 855 980 Cupido
869 928 939 967 ait:
962 927 1072 967 Οὔτοι
1085 928 1178 968 mae
1192 930 1284 983 ἐγὼ,

21 981 87 1021 καὶ
103 982 134 1020 εἰ
149 981 247 1020 sone]
257 983 363 1031 ποεῖς,
376 982 482 1020 ἀλλὰ
494 980 559 1021 τοῦ
569 984 690 1033 Κρόνου
705 980 956 1034 πρεσβύτερος.
971 980 1042 1021 Sed
1052 983 1164 1022 video
1179 982 1284 1022 hunc

20 1035 94 1074 iam
111 1035 311 1075 addueium
328 1049 350 1074 a
364 1034 577 1075 Hemsterh.
590 1048 704 1089 quem
718 1048 806 1075 cum
824 1034 905 1074 aliis
920 1046 1127 1075 comment.
1145 1037 1220 1076 vid.
1235 1038 1282 1076 ad

18 1088 44 1128 l.
57 1101 90 1128 c.
104 1089 274 1128 Luciani.
303 1090 449 1128 Rmz.

72 1145 146 1181 ead.
161 1143 185 1181 l.
203 1141 481 1195 ι6.1(ελεῦοόιι)
499 1142 573 1182 Pro
589 1140 767 1193 ἒιὸέιξοιι.
781 1140 970 1182 Curetum
984 1153 1114 1182 autem
1134 1142 1283 1184 saltatio

19 1207 174 1235 armata.
190 1197 240 1235 V.
254 1196 378 1236 Clem.
396 1197 507 1236 Alex.
522 1211 557 1249 p.
575 1209 622 1235 10
634 1227 644 1244 ‚
662 1210 693 1234 1.
710 1195 868 1235 SOLAN.

73 1250 162 1302 Pag.
177 1250 261 1288 128.
277 1251 300 1289 l.
313 1251 411 1298 4.Ἐν
427 1249 583 1303 ὅπλοις)
598 1250 635 1289 Si
650 1248 855 1302 respexeris
867 1250 913 1289 ad
932 1249 947 1299 §
965 1263 1028 1296 21,
1044 1250 1109 1291 ubi
1121 1249 1282 1291 ἐνόπλιοο

18 1302 227 1349 παιδεύειν,
241 1303 280 1343 &
294 1305 338 1342 ad
351 1303 519 1343 Demon.
538 1303 552 1352 §
573 1303 619 1357 38
630 1334 642 1350 ,
658 1305 788 1343 credes
801 1304 963 1343 ἐνόπλιος
978 1304 1018 1343 δι
1030 1304 1089 1344 hic
1102 1305 1282 1358 recipien-

17 1356 120 1396 dum.
130 1356 201 1396 Sed
209 1358 299 1409 quia
307 1357 463 1410 vulgata
476 1357 538 1396 hic
551 1357 671 1409 potest
682 1357 853 1404 tolerari,
866 1357 956 1396 nihil
967 1358 1281 1399 mutavi.R1=.1·rz.

72 1412 145 1449 ead.
160 1411 183 1448 l.
200 1411 236 1448 6.
255 1410 486 1462 Πολεμιιών)
501 1412 612 1450 Hanc
626 1411 862 1451 saltationem
875 1411 1008 1459 πρὺλιν
1028 1423 1142 1452 vocat
1162 1412 1282 1457 Calli-¹

17 1464 142 1504 mach.
157 1465 279 1515 Hym.
296 1465 344 1503 εἰς
357 1466 445 1503 Δία.
458 1465 629 1504 Bounn.

70 1520 146 1557 ead.
163 1519 185 1556 l.
203 1531 260 1558 10.
268 1511 442 1572 Ὄμηρος)
458 1519 544 1557 Vid.
561 1518 603 1557 Il.
619 1523 653 1557 Π
664 1548 677 1564 ,
696 1518 783 1564 617.
799 1518 957 1558 SOLAN.

72 1571 161 1624 Pag.
179 1586 193 1609 1
203 1586 263 1624 29.
275 1573 299 1610 l.
316 1587 350 1624 3.
366 1571 535 1626 Μηριόνη)
548 1572 651 1611 Iliad.
665 1575 713 1610 Π.
726 1570 898 1617 130an.
912 1572 1073 1612 Homer.
1087 1572 1178 1613 loco
1191 1587 1276 1614 mo—

17 1624 69 1665 do
83 1625 258 1664 indicato.
272 1625 429 1665 SOLAN.

73 1681 144 1717 ead.
157 1679 180 1717 l.
197 1693 232 1730 9.
243 1680 385 1730 Τέχνην
395 1683 438 1718 τὶ)
451 1678 619 1732 πρᾶγμα
630 1678 746 1732 orso-r.)
762 1677 880 1719 Conf.
901 1678 997 1720 infra
1012 1680 1029 1730 §
1044 1694 1065 1719 2
1075 1694 1107 1730 1,
1121 1681 1186 1721 ubi
1199 1682 1281 1722 ’τοῦἕ

17 1745 61 1771 το
76 1731 177 1784 ἔργον
189 1734 440 1784 πεποιημένων
454 1734 588 1773 eodem
604 1734 734 1773 modo.
749 1734 896 1773 Rnrrz.

31 1813 34 1816 -
70 1786 160 1839 Pag.
179 1800 264 1840 ¹30·
284 1788 307 1826 I.
325 1801 357 1827 1.
382 1787 638 1840 Καρυατίζειν)
660 1787 723 1827 De
739 1788 809 1828 hac
824 1801 924 1827 voce
946 1788 1103 1840 copiose
1118 1789 1163 1829 ad
1178 1788 1277 1830 Pau-

17 1837 93 1878 san.
108 1841 280 1879 BOURD.
304 1841 478 1882 V.Thes.
493 1840 557 1882 Cr.
566 1841 680 1881 Grut.
694 1841 730 1888 Ι,
745 1841 794 1890 78
804 1855 833 1892 5.
847 1843 910 1881 Ab
927 1843 1072 1895 oppido
1084 1844 1276 1884 Laconiae

0 1892 172 1945 Caryae
187 1894 248 1933 vel
268 1894 444 1945 Caryum
458 1894 573 1941 dieto,
596 1896 632 1934 in
647 1909 729 1948 quo
749 1896 858 1935 lucus
874 1896 1024 1935 Dianae
1039 1896 1153 1936 sacer.
1169 1898 1213 1937 In
1226 1911 1277 1937 eo

17 1947 98 1987 eius
111 1947 220 1988 Deae
234 1948 324 1988 festa
336 1962 422 1988 cum
439 1960 555 1989 cantu
572 1947 731 1989 solemni
744 1949 886 1989 chorus
900 1951 1093 2001 virginum
1110 1952 1277 1991 celebra-

19 2000 98 2050 bat,
111 2002 431 2042 contendentibus
444 2004 541 2042 inter
553 2003 589 2042 se
600 2004 835 2043 citharoedis.
861 2003 1058 2043 Polemon.
1072 2005 1105 2043 11
1119 2018 1127 2043 :
1144 2006 1276 2059 Excsti-

18 2057 76 2094 des
90 2055 299 2095 citharoedus
312 2057 448 2109 Pythia
461 2057 554 2096 vicit.
578 2058 669 2097 Vicit
690 2059 725 2095 ὅ»
740 2059 922 2110 Caryorum
937 2070 1096 2097 certamen
1114 2060 1149 2097 in
1162 2060 1275 2100 Lace-

17 2111 203 2158 daemonia.
233 2110 344 2149 Unde
367 2110 525 2150 Statius:
550 2111 796 2163 plaudentique
819 2113 946 2150 habiles
968 2113 1100 2164 Caryae
1121 2113 1274 2164 resonare

19 2164 168 2202 Dianae.
193 2163 444 2216 Quamquam
466 2165 515 2203 ibi
534 2165 572 2203 in
595 2166 758 2217 vulgatis
771 2165 910 2217 legitur
924 2167 1064 2205 Curiati.
1091 2166 1277 2221 Denique

15 2218 188 2256 meminit
202 2219 241 2256 δι
250 2217 461 2258 Diomedes
472 2218 770 2259 Grammaticus.
783 2220 914 2272 Atque
927 2220 1019 2259 haec
1030 2233 1078 2260 ex
1089 2221 1276 2262 Thesaur,

17 2269 43 2310 l.
57 2283 89 2310 c.
103 2271 258 2310 SOLAN.
270 2273 448 2325 Virgines
464 2273 780 2313 Lacedaemonias
792 2276 828 2312 in
842 2274 1029 2313 honorem
1045 2274 1193 2314 Dianae
1201 2275 1276 2316 Ca-

16 2325 189 2376 ryatidos
207 2325 339 2366 saltare
362 2326 511 2373 solitas,
532 2326 732 2367 Pausanias
746 2328 881 2367 auftor
901 2327 954 2367 est
970 2328 1112 2368 Lacon.
1129 2343 1164 2381 p.
1184 2330 1275 2378 178,

17 2391 69 2424 40
79 2390 89 2417 :
100 2381 147 2416 Tb
157 2381 240 2431 ’γὰρ
252 2380 382 2432 χωρίον
395 2380 612 2431 Ἀρτέμιέος
629 2381 692 2420 καὶ
707 2381 862 2431 Νυμφῶν
875 2381 977 2420 ἐστιν
992 2382 1031 2421 αἱ
1042 2385 1190 2434 Κάρυαι.
1206 2384 1279 2423 Καὶ

17 2429 187 2484 ἄγαλμα
200 2431 352 2473 ἕστηκεν
367 2435 582 2485 Ἀρτέμιδος
597 2436 629 2473 ἐν
643 2431 800 2485 ὑπαίθρῳ
816 2435 1062 2487 Καρυάτιδος,
1080 2436 1213 2489 χοροὺς
1225 2436 1273 2476 ἒὲ

16 2483 177 2527 ἐνταῦθα
192 2487 231 2529 αἱ
245 2487 546 2543 Λοικεὲοιιμονίων
560 2489 728 2541 παρθένοι
742 2489 938 2532 ›carzag-105
952 2488 1100 2537 ἑστᾶσι,
1114 2491 1176 2532 καὶ
1190 2491 1274 2538 {er-nt
