1730 3326
391 212 485 276 3&
588 207 1460 261 ANNOTATIONES

390 299 538 341 cedenti
551 298 649 350 χρὴ)
663 301 781 336 nedum
795 297 901 350 ipsos,
913 312 996 349 quae
1009 297 1218 349 ignoramus,
1229 299 1409 347 criminari,
1426 300 1530 353 quod
1545 304 1654 347 nemi,

390 367 438 408 pe
451 353 566 393 fiebat
575 351 829 415 proponenda
844 352 913 389 hac
925 351 1210 391 deliberatione.
1223 351 1368 394 GRON.

446 408 524 446 ibid.
540 404 704 458 Αυτοὺς)
723 405 784 444 Sic
805 404 844 444 P.
867 405 921 442 H.
942 404 983 443 &
998 404 1044 442 B.
1070 418 1103 442 2.
1118 405 1161 444 ln
1183 404 1337 457 reliquis
1353 402 1497 445 αὐτούς.
1510 407 1655 448 Verfio

391 460 517 500 nostra
530 458 674 499 sensum
685 459 826 510 aperiet
837 458 1028 509 prioribus
1043 457 1314 510 interpretibus
1332 459 1518 511 ignotum.
1535 460 1656 513 (ver-

392 525 438 556 ιο
452 515 554 554 enim
568 543 578 559 ,
594 515 712 551 nedum
725 512 829 564 ipsos,
841 526 926 563 quae
935 512 1142 564 ignoramus,
1156 512 1357 563 criminari.)
1372 513 1531 553 SOLAN.

445 568 525 606 ibid.
535 567 581 605 *A
599 567 650 616 μὴ
664 566 680 618 )
695 566 847 605 Nullam
861 565 922 604 hic
937 565 1161 604 varietatem
1183 576 1386 605 notaverat
1400 566 1562 607 Solanus
1579 577 1656 609 κιο-ζ

391 621 483 670 ster3
503 632 669 672 cumque
684 618 776 658 Iens.
795 618 931 657 indicet
949 619 998 667 μὴ
1016 617 1042 655 ἃ.
1059 618 1150 670 legi,
1166 618 1280 670 idque
1297 618 1395 658 re6te
1408 619 1598 666 immutet,
1613 633 1656 660 e.

390 677 501 716 volvi
516 675 596 714 edd.
612 673 670 712 sed
683 672 878 724 cognovi,
892 683 1042 710 veteres
1056 672 1100 710 P.
1114 672 1143 709 J.
1159 672 1204 709 B.
1221 686 1254 710 2.
1271 672 1324 710 H.
1338 672 1412 713 &c.
1432 674 1505 712 iam
1518 672 1569 713 fic
1584 673 1657 718 haff

389 729 508 769 buiffe
519 758 529 773 ‚
543 727 740 777 solamque
756 725 851 764 adeo
869 725 977 764 Salm.
992 723 1146 777 eiusque
1165 724 1337 765 affeclam
1350 727 1460 780 Amst.
1474 727 1573 767 male
1587 727 1657 770 de-j

388 783 478 823 diffe
487 782 540 831 μὴ
556 780 593 819 ἃ.
608 780 750 819 Ηῑῐτῑ.

444 839 517 875 ead.
531 837 554 873 l.
574 849 587 873 1
598 834 680 886 3.T'
692 831 816 887 denam)
832 831 952 870 Etiam
966 830 1076 882 supra
1091 831 1337 878 monuimus,
1356 832 1384 871 I.
1401 832 1440 872 δι
1454 831 1544 872 alias
1554 845 1656 886 quo-

389 904 466 943 que
479 887 680 928 nonnullas
698 887 734 924 τ’
755 890 862 924 ἀλλα
877 883 1183 924 εἰτευηιῆεᾶετε.
1197 885 1323 937 Quod
1342 898 1423 926 non
1444 887 1657 936 imitamur,

391 946 481 998 quia
498 943 533 982 id
557 942 596 980 in
610 942 728 979 ἀλλος
750 939 790 978 ὅ(
804 938 909 977 ἄλλοι
931 951 1008 977 non
1024 937 1085 985 fit,
1100 951 1169 977 nec
1184 939 1298 991 igitur
1320 952 1385 992 per
1406 939 1657 980 acceffionem

389 996 598 1052 particulae
611 1009 654 1033 τε
667 1005 845 1033 accentus
857 993 1087 1039 niutabitur3
1107 991 1212 1032 elifio
1227 994 1326 1032 enim
1341 1005 1407 1047 per
1419 993 1456 1032 se
1470 1006 1548 1033 non
1563 993 1659 1033 facit

389 1051 576 1104 syllabam
591 1050 758 1100 longam.
773 1046 818 1086 Et
832 1059 920 1086 cum
935 1045 1193 1099 apostrophus
1203 1057 1351 1086 tantum
1366 1046 1409 1086 sit
1420 1047 1573 1088 reieRio
1585 1060 1658 1087 vo-

391 1107 482 1147 calis
497 1103 645 1149 brevis,
661 1100 843 1143 eiusmodi
855 1099 962 1140 elifio
977 1131 987 1148 ,
1002 1112 1101 1153 quae
1115 1099 1157 1138 fit
1174 1100 1210 1138 in
1226 1100 1373 1141 duabus
1390 1101 1550 1141 vocibus
1561 1113 1660 1141 con·

390 1158 650 1203 currentibus,
667 1168 744 1194 non
758 1154 811 1193 est
823 1153 985 1193 eiusdem
1003 1165 1174 1199 naturae,
1189 1165 1306 1206 atque
1320 1155 1431 1194 erasis
1449 1155 1489 1194 δι
1501 1166 1656 1195 contra-

392 1214 469 1252 ἂίο
484 1213 521 1250 in
537 1222 618 1250 uno
630 1209 766 1248 verbo.
786 1208 925 1259 Margo
941 1209 991 1246 A.
1006 1222 1038 1247 1.
1058 1208 1199 1248 rec‘lius
1212 1209 1252 1246 τ’
1270 1209 1376 1248 ἄλλα.
1397 1209 1522 1250 habet.
1543 1209 1658 1262 Igno-

390 1266 466 1306 scet
479 1264 598 1304 leetox·
611 1263 676 1302 has
690 1261 865 1300 minutias
876 1261 1125 1313 persequenti.
1139 1261 1287 1301 RHTz.

447 1320 537 1372 Pag,
558 1331 615 1370 59.
636 1317 658 1353 l.
682 1331 718 1364 4.
739 1317 884 1364 Πέτρας
907 1313 1170 1367 γεωργοῦμεν)
1190 1315 1340 1355 Πυθῶνά
1360 1331 1404 1356 τε
1421 1313 1657 1368 πετρήεσσαν

391 1383 508 1412 vocat
531 1373 567 1410 in
587 1369 768 1421 catalogo
788 1368 998 1407 Homerus,
1017 1369 1125 1408 Haec
1145 1368 1326 1421 adscripta
1344 1380 1454 1409 erant
1475 1371 1514 1409 in
1535 1380 1659 1424 margg

391 1428 479 1467 Ald.
500 1423 738 1475 Wesselingi.
753 1421 895 1461 Rmz.

446 1483 518 1519 ead.
530 1480 552 1517 l.
573 1475 797 1531 5.‘¹Op.npov)
819 1475 906 1514 Vid.
920 1474 961 1513 Il.
975 1479 996 1513 B
1008 1503 1018 1521 ,
1033 1474 1070 1513 in
1085 1474 1208 1515 Catal.
1220 1474 1318 1515 vers.
1333 1475 1403 1523 26,
1418 1475 1458 1516 δι
1473 1475 1600 1517 Schol.
1616 1477 1656 1526 1,

391 1548 481 1585 405.
495 1534 656 1573 Homer.
672 1531 696 1569 l.
709 1543 742 1570 c.
762 1528 915 1568 Πυθῶνά,
927 1543 970 1567 τε
987 1528 1232 1581 πετρήεσσαν.
1247 1529 1304 1568 Ibi
1316 1530 1416 1569 enim
1429 1530 1658 1573 Scholiastes

391 1590 504 1628 docet
514 1616 524 1634 ,
543 1588 706 1638 Pythona
721 1584 880 1623 eandem
900 1581 974 1623 effe
988 1595 1076 1622 cum
1090 1583 1255 1636 Delphis,
1268 1596 1367 1637 quae
1386 1585 1580 1626 recentior
1591 1599 1659 1640 ap-

391 1641 546 1696 pellatio
561 1639 624 1680 est.
640 1639 799 1679 SOLAN.

443 1697 517 1733 ead.
533 1696 557 1734 Ι.
573 1707 586 1732 1
598 1707 631 1731 2.
642 1687 937 1743 ”Ao-vrapm—
951 1690 1014 1729 καὶ
1029 1687 1219 1749 ξινῆροτα.)
1240 1689 1359 1743 Quae
1377 1691 1472 1731 citra
1487 1690 1659 1734 nostram

393 1761 552 1801 operam
567 1746 655 1787 casu
669 1746 781 1785 nobis
794 1745 998 1790 eveniunt,
1012 1744 1202 1795 ἄσπαρτα
1216 1747 1280 1784 καὶ
1293 1743 1451 1795 ἀνήροτα
1460 1747 1660 1799 continge·

392 1816 435 1842 re
447 1803 577 1842 dicunt
592 1800 749 1841 Graeci.
765 1799 806 1838 ld
818 1799 854 1837 in
871 1797 990 1838 Paras.
1014 1798 1055 1838 δι
1075 1798 1236 1837 Rhetor.
1259 1798 1397 1839 Discal.
1412 1810 1543 1839 natum
1564 1813 1586 1840 a
1606 1800 1660 1840 fa·

392 1856 483 1897 bula
496 1855 699 1895 insularum
717 1853 1032 1898 Fortunatarum,
1048 1851 1094 1892 de
1105 1853 1246 1904 quibus
1261 1853 1420 1892 Homer.
1433 1852 1568 1905 Odyff.
1582 1854 1659 1901 IX,

394 1911 532 1951 Horat.
545 1910 586 1950 δι
600 1908 806 1948 Lucianus.
820 1905 966 1946 Com«.
981 1907 1142 1945 Homer.
1158 1905 1235 1945 Od.
1254 1912 1289 1953 i,
1306 1919 1388 1955 ¹09.
1401 1906 1558 1946 SOLAN.

449 1966 520 2003 ead.
535 1964 558 2002 l.
579 1976 592 2001 1
603 1957 844 2015 &stimmo-ev)
865 1960 976 2000 Solus
991 1959 1031 1999 L.
1046 1960 1142 2000 hanc
1154 1972 1293 2000 vocem
1309 1959 1517 2013 suppeditat
1536 1960 1659 2002 sensui

394 2018 556 2059 omnino
568 2014 822 2056 neceffariam.
838 2014 996 2054 SOLAN.
1013 2014 1119 2053 Haec
1135 2026 1215 2053 vox
1228 2014 1267 2053 in
1279 2026 1396 2067 marg.
1409 2015 1495 2054 Ald.
1505 2015 1659 2056 Wesse-

393 2073 484 2125 ling.
501 2073 551 2110 ita
564 2069 747 2122 adscripta
761 2069 915 2121 legitur,
930 2080 973 2108 ut
993 2069 1126 2120 potius
1142 2081 1215 2120 pro
1233 2064 1367 2108 ἄλλοις
1381 2066 1659 2118 substituenda,

393 2139 511 2179 quam
526 2123 678 2177 insuper
692 2123 929 2175 adiungenda
947 2123 1140 2161 videatur:
1156 2122 1197 2161 &
1217 2122 1317 2162 haud
1338 2121 1434 2168 scio,
1450 2135 1498 2162 an
1518 2122 1657 2163 Codex

394 2180 437 2219 L.
455 2191 533 2218 non
545 2179 658 2218 etiam
668 2176 718 2217 sic
729 2177 883 2224 habeat3
897 2188 938 2216 ut
951 2177 1053 2216 enim
1064 2170 1235 2215 Ἓλλησιν
1248 2175 1412 2228 probum
1427 2175 1480 2216 est
1489 2207 1500 2222 ‚
1516 2177 1568 2216 ita
1581 2178 1657 2217 iam

396 2233 546 2273 adieeto
564 2232 693 2271 ἄλλοις
710 2243 838 2271 carere
851 2230 954 2283 poffe
968 2231 1153 2270 videmur.
1168 2229 1279 2282 Quia
1290 2241 1416 2270 tamen
1426 2230 1592 2270 Solanus
1604 2230 1658 2273 stc

395 2288 501 2332 vult,
517 2299 663 2326 morem
680 2283 781 2337 gesti.
799 2284 853 2324 At
871 2298 958 2324 cum
975 2298 1047 2337 pro
1062 2295 1170 2324 certo
1185 2284 1375 2324 affirmare
1391 2297 1470 2323 non
1491 2297 1631 2337 queam
1642 2314 1658 2334 ,

394 2355 488 2381 num
504 2339 580 2392 ipse
600 2340 703 2379 hunc
716 2338 900 2379 Codicem
921 2338 1145 2391 inspexerit,
1158 2351 1204 2377 an
1218 2340 1302 2378 eius
1315 2338 1557 2378 collationem
1571 2350 1657 2378 tan-

396 2407 480 2435 tum
494 2395 542 2433 ab
554 2394 627 2432 alio
642 2393 825 2445 acceperit
835 2422 849 2438 ,
863 2393 1016 2439 dubito,
1032 2405 1125 2431 num
1141 2392 1219 2432 τοῖς
1229 2386 1534 2432 &moisi-:minem
1546 2393 1656 2446 02⁴7oe-

396 2450 450 2487 5&
463 2449 500 2487 in
514 2460 563 2487 eo
578 2448 740 2499 legatur,
755 2459 802 2485 an
814 2446 889 2485 τοῖς
898 2440 1071 2485 Ἕλλησιν
1085 2445 1217 2499 ἀγαθὰ.
1232 2445 1353 2485 solum
1367 2460 1378 2493 ;
1395 2447 1557 2499 ideoque
1577 2446 1656 2487 fere

394 2502 620 2543 alterutrum
640 2499 852 2555 parenthesi
873 2499 1110 2542 inclufiss'em.
1135 2500 1208 2541 Sed
1227 2501 1317 2554 quia
1337 2500 1498 2553 amplius
1517 2499 1673 2545 delibe..
