1730 3326
385 188 479 274 488
576 210 1458 259 ANNOTATIONES

386 301 458 340 suo
473 301 606 341 recitat
627 300 886 352 Lexiphanes‚
909 298 1167 352 compositum
1191 298 1233 338 &
1254 298 1555 339 consarcinatum
1580 297 1661 341 effe

386 355 516 394 verbis
526 355 590 394 vel
608 355 762 394 licenter
775 353 873 395 fietis
882 384 894 401 ‚
917 353 979 391 vel
1002 365 1050 391 ex
1065 351 1287 404 antiquitate
1299 352 1467 404 repetitis
1481 353 1631 405 poetica
1642 383 1662 402 ,

386 409 451 448 vel
467 409 611 460 alioqui
629 406 857 458 κακοζήλοις.
879 406 1008 446 GESN.

439 464 514 501 ead.
525 463 547 499 l.
561 476 595 500 2,
611 460 831 512 Λεξιφάνης)
842 459 980 511 Cogor
990 458 1186 511 longiores
1196 458 1233 497 in
1246 458 1347 497 hunc
1358 457 1565 511 Dialogum
1580 459 1656 498 dia·

388 515 503 554 tribas
514 526 772 567 componere,
794 524 838 552 ut
853 512 1017 552 cacozeli
1035 515 1073 551 ὄι
1090 512 1166 550 anti
1198 513 1292 551 uarii
1306 511 1406 551 istius
1423 511 1655 563 Lexiphanis

387 581 562 621 quaeque
582 567 774 608 vocabula
800 567 1070 618 ponderentur.
1092 564 1156 604 De
1192 565 1370 611 imilibus,
1388 566 1526 604 Horat.
1548 564 1656 607 Mars

387 622 466 662 tial.
484 621 589 661 Suet.
602 622 702 673 Aug.
720 633 752 660 c.
769 620 835 666 86,
854 620 891 658 δι
907 621 957 658 ibi
982 621 1138 678 interpr.
1161 619 1335 657 BOURD.

436 677 547 734 fads·
564 691 597 727 3.
615 674 765 713 Τητινὸν
779 688 815 711 τι
829 673 846 725 )
860 673 922 712 Ὡς
941 672 1019 711 ἀπὸ
1034 687 1097 710 του
1112 671 1216 724 χθὲς,
1231 671 1417 722 χθεσινὸν,
1438 666 1558 735 ρῧτως
1572 671 1655 712 ἀπὶ

388 741 454 768 του
471 743 596 776 τητες,
613 730 778 773 τιιτινὸν,
792 727 962 777 σκμοιῖνον
977 731 1018 763 τῇ
1032 725 1210 771 ἐπέτειον,
1226 724 1304 764 ἤτοι
1323 723 1389 764 τοῦ
1402 723 1520 763 aua-03
1534 724 1652 773 ἔτους,

387 794 436 820 ex
449 795 529 834 quo
542 781 571 819 οἱ
583 781 730 833 Δωριεῖς
743 781 872 819 dicunt
884 780 1017 825 creetis,
1025 779 1124 818 unde
1136 778 1305 818 σωτὸινιοι
1315 780 1428 828 πυροί.
1438 777 1528 830 Leg.
1537 778 1655 818 Scho·

388 835 482 876 liast.
498 834 694 886 Aristoph.
708 835 756 873 ad
771 834 878 873 Nub.
892 834 986 873 Bou
994 844 1064 872 RD.
1080 830 1211 878 Τῆτες,
1226 831 1386 871 τητινὸς.
1401 831 1569 871 GUYET.
1582 836 1654 871 Tn-

388 891 484 928 τινον
499 889 545 929 de
557 889 748 928 hodierno
762 888 821 926 die
835 886 1055 938 usurpatum
1071 886 1118 924 ab
1131 886 1313 938 imperitis
1323 917 1334 934 ,
1345 885 1541 933 evincunt,
1551 897 1652 938 quae

389 943 611 982 Athenaeus
624 942 734 981 habet
749 940 798 993 98
814 940 858 982 B.
873 938 891 982 ἦ
905 938 1166 990 τῆτεςῆμέροι,
1181 939 1284 991 apud
1299 952 1413 992 quem
1427 949 1486 978 tot
1504 937 1589 978 sunt
1606 939 1655 979 iis

388 995 533 1044 similia,
543 1008 644 1048 quae
653 996 690 1034 in
702 995 776 1034 hoc
788 994 887 1033 libro
897 994 1082 1038 ridentur,
1096 1004 1139 1031 ut
1153 1003 1218 1032 aut
1229 990 1380 1031 eosdem
1392 991 1540 1032 riserint
1550 1001 1656 1032 uter-

387 1062 465 1101 que
479 1048 624 1089 neceffe
638 1048 683 1088 fit
693 1078 703 1093 ‚
718 1058 784 1087 aut
798 1047 919 1101 ipsum
932 1047 1175 1087 Athenaeum
1194 1046 1384 1086 Lucianus
1398 1045 1496 1086 hisce
1509 1045 1654 1100 petiisse

388 1101 596 1143 censendus
606 1101 670 1142 est.
685 1102 844 1141 SOLAN.

441 1159 514 1195 ead.
528 1157 552 1195 l.
567 1171 603 1205 4.
619 1155 818 1208 Νεοχμον)
840 1154 913 1194 Ms.
929 1155 1026 1207 Reg.
1041 1153 1190 1194 auctior
1207 1166 1309 1193 voce
1326 1165 1425 1200 una,
1441 1165 1582 1206 nempe
1592 1167 1656 1193 κο·

386 1209 499 1259 ansii·
515 1222 581 1262 per
601 1212 762 1260 νεοχμὸν
781 1208 1102 1260 autem-intelligit
1117 1208 1243 1247 νεωστὶ
1259 1207 1519 1258 εἰργασμένον,
1531 1206 1594 1254 ἀφ’
1609 1200 1657 1246 οὗ

391 1264 453 1301 καὶ
467 1261 564 1314 ῥιῖμοι
577 1265 620 1301 τὸ
635 1261 788 1314 νεοχμᾷὶ
800 1263 871 1302 νέον
886 1261 986 1313 ἔχω,
1001 1263 1100 1301 unde
1115 1261 1258 1313 νεοχόν.
1274 1262 1381 1300 Haec
1400 1260 1515 1300 difflo
1534 1260 1655 1300 etiam

388 1316 612 1367 Thucydidi
632 1314 811 1368 frequens
824 1345 836 1362 ‚
858 1328 936 1368 qua
957 1317 1014 1354 uti
1029 1314 1123 1354 solet
1136 1315 1222 1354 ἀντὶ
1235 1314 1301 1354 τοῦ
1316 1316 1399 1360 νέον,
1417 1314 1653 1366 προσφάτου.

388 1369 502 1409 Hanc
520 1370 676 1421 Lexiph.
693 1368 823 1421 postea
840 1369 924 1408 vult
939 1367 1147 1421 fignificare
1157 1371 1200 1407 τὸ
1218 1368 1461 1419 ἀρτιγραφὲς.
1480 1367 1655 1408 Βουιω.

441 1425 514 1462 ead.
527 1424 550 1462 l.
565 1437 604 1473 7.
621 1420 927 1476 Κυψελύβυστοι)
942 1422 1014 1461 Ms.
1027 1422 1173 1475 Regius
1185 1422 1300 1461 habet
1312 1418 1556 1468 κυψελοῦντοι
1566 1451 1578 1469 ,
1590 1420 1655 1461 sed

386 1487 539 1528 recepta
548 1476 662 1516 leftio
674 1476 809 1516 melior
821 1475 1090 1528 est,magisque
1102 1475 1230 1515 alludit
1240 1476 1285 1514 ad
1296 1474 1387 1513 illud
1399 1486 1484 1526 pag.
1496 1472 1656 1526 sequen·

386 1531 438 1569 tis
457 1530 665 1581 ἐπιβύστρα.
687 1527 705 1570 ἦ
728 1529 906 1579 Κυψελίς.
927 1529 1104 1579 Κυψέλη,
1127 1527 1288 1579 κυψελὶς
1313 1527 1353 1567 &
1369 1527 1556 1577 κυψελλὶς
1574 1527 1654 1580 (fic

386 1584 486 1624 enim
502 1597 562 1638 ap.
577 1582 745 1635 Hesych.
761 1583 801 1622 δι
815 1583 956 1636 Interp.
969 1582 1164 1634 Aristoph.
1178 1583 1223 1621 ad
1239 1581 1343 1633 Pac.)
1358 1581 1374 1619 ὃ
1390 1581 1464 1620 τῶν
1479 1581 1579 1621 ὤτοιν
1595 1580 1656 1633 ῥύ-

387 1651 458 1677 πος
470 1637 648 1690 λέγεται·
663 1638 799 1676 dicitur
809 1638 921 1676 etiam
935 1639 980 1676 το
992 1634 1210 1689 ὂστροικεοῦν
1223 1636 1249 1674 ἀ
1317 1635 1385 1674 εῐον
1400 1635 1436 1674 ἐν
1452 1631 1480 1684 ᾆῗ
1493 1634 1577 1675 τοὺς
1589 1633 1654 1687 ἐέρ-

386 1704 476 1730 τους
486 1691 752 1737 ἀποτίθενται,
768 1691 817 1730 stc
829 1690 969 1730 diuum
983 1690 1053 1729 διὰ,
1064 1694 1106 1729 το
1119 1689 1250 1742 κεκρύφ
1272 1705 1312 1728 αι
1324 1688 1390 1728 τὴν
1403 1685 1500 1737 ἕλην,
1513 1699 1555 1728 ut
1565 1688 1654 1728 vult

385 1743 620 1784 doetiffimus
633 1743 869 1784 Christianus
883 1744 929 1784 ad
945 1743 1141 1796 Aristoph.
1155 1744 1237 1795 εὶρνι.
1249 1743 1312 1783 Sic
1325 1743 1438 1781 etiam
1457 1742 1653 1782 vocabant

385 1798 520 1839 alveos
533 1812 555 1838 e
571 1798 760 1845 vitilibus,
776 1798 875 1837 unde
887 1797 1081 1850 Cypselus
1099 1810 1167 1837 rex
1185 1796 1477 1837 Corinthiorum
1491 1795 1653 1836 Aethio-

385 1853 443 1892 nis
458 1852 580 1901 filius,
600 1852 651 1892 fic
663 1853 804 1897 di&us‚
819 1852 925 1904 quod
944 1851 1198 1905 ἁρτιγέννιιτος
1218 1853 1327 1903 παρὰ,
1346 1847 1413 1890 τῆς
1429 1852 1567 1901 μητρὶς
1587 1849 1652 1888 κέ-

385 1920 557 1959 κρυπται
575 1906 609 1945 ἐν
627 1905 680 1955 τῷ
694 1905 861 1955 nudem.
883 1905 1006 1945 Cuius
1021 1904 1219 1956 posteritas
1238 1905 1302 1944 diu
1322 1902 1449 1956 postea
1467 1902 1652 1943 Corinthi

383 1972 546 2012 regnum
562 1960 695 1999 tenuit.
712 1959 817 1998 Dico
833 1959 878 1998 ad
890 1958 1194 2010 PausanTangit
1208 1958 1366 1997 Lucian.
1378 1969 1461 2009 pag.
1472 1956 1546 2008 seq.
1557 1957 1651 1997 dum

384 2015 437 2054 ait
451 2012 536 2053 οὔτε
549 2012 720 2063 Κύψελός
732 2027 790 2052 τις
802 2011 887 2050 οὔτε
902 2012 1130 2063 Περίανδρος.
1147 2012 1197 2051 V.
1211 2011 1310 2051 Scal.
1322 2011 1369 2050 ad
1380 2009 1651 2050 Eas-BOURD.

436 2068 472 2106 in
486 2068 601 2108 Schol.
613 2068 677 2107 col.
700 2079 731 2106 1.
746 2068 769 2105 l.
787 2079 816 2104 1.
837 2066 923 2105 Νέας
943 2066 1030 2119 τις)
1055 2066 1143 2105 Huc
1162 2066 1323 2104 omnino
1344 2062 1649 2104 transferendum

383 2120 596 2161 existimavi
617 2121 693 2161 hoc
711 2119 916 2165 Scholion,
939 2120 1043 2172 quod
1057 2120 1103 2158 ad
1120 2117 1212 2158 ‘Pu-t.
1233 2117 1316 2157 518.
1338 2119 1504 2171 primum
1525 2118 1562 2157 in
1578 2118 1652 2157 im-

385 2174 514 2226 preffis
535 2185 636 2214 erat:
661 2175 748 2214 huic
763 2174 862 2212 enim
886 2172 1074 2225 opusculo
1096 2173 1229 2212 melius
1251 2172 1462 2212 convenire
1485 2171 1651 2212 videtur.

385 2228 564 2268 Probabit
577 2227 721 2267 saelum
733 2258 744 2273 ‚
759 2227 826 2280 qui
840 2238 1048 2280 utrumque
1060 2226 1209 2279 legerit,
1224 2224 1277 2264 sat
1290 2224 1377 2265 scio.
1395 2223 1552 2264 SOLAN.
1565 2225 1649 2266 Ubi

384 2283 480 2321 idem
503 2281 691 2321 Scholion
706 2281 763 2320 bis
783 2281 973 2326 occurrit,
990 2280 1118 2334 paucis
1139 2279 1314 2326 mutatis,
1339 2291 1409 2318 nec
1429 2279 1577 2318 additur
1595 2290 1648 2319 ex

383 2349 464 2388 quo
479 2335 577 2375 Cod.
594 2335 628 2374 id
645 2334 736 2375 sciat
745 2334 867 2374 letior
879 2347 927 2374 ex
938 2332 1257 2374 alterovoffiano
1269 2332 1451 2385 petitum:
1464 2344 1552 2371 nam
1564 2332 1648 2372 duo

385 2389 422 2428 in
435 2389 491 2429 ed.
506 2389 608 2429 Cler.
623 2388 853 2429 exhibentur
864 2386 1046 2428 Codices:
1059 2387 1218 2428 alterum
1234 2387 1273 2425 in
1287 2385 1468 2438 Quarto,
1482 2385 1649 2426 alterum

386 2443 424 2480 in
441 2442 522 2482 Fol.
539 2442 768 2494 Plerumque
790 2451 917 2480 tamen
933 2441 1074 2490 addidi,
1095 2441 1194 2480 unde
1215 2438 1467 2479 desumserim.
1483 2439 1565 2480 Ubi·
1579 2451 1649 2480 ve-

386 2509 433 2538 ro
447 2496 494 2537 ad
507 2495 652 2539 diversa
667 2495 784 2539 verba
797 2493 1032 2545 referuntur,
1048 2495 1098 2536 ita
1110 2506 1153 2537 ut
1169 2506 1268 2536 unus
1279 2504 1430 2535 tantum
1444 2493 1483 2534 id
1496 2493 1650 2544 haheat,

1700 2889 1711 3326 ——1-*W—-u—e—

1721 3291 1728 3322 -
1724 3227 1730 3269 η
1722 3045 1730 3213 Λ-μη-μ-ι
