1730 3326
396 239 491 288 4Q
598 220 1466 274 ANNOTATLONES

395 312 605 362 μάισπώιῃ.
622 310 806 351 Kusterus
828 311 880 350 ad
895 308 1090 362 Aristoph.
1113 309 1209 349 Plut.
1224 323 1316 360 427,
1335 309 1403 349 ubi
1422 308 1668 352 ’λεκιθόπωλιν

398 366 583 411 occurrit,
599 366 670 403 ait:
686 365 817 403 Mirum
830 367 883 417 est,
900 364 1089 403 Lucianum
1101 363 1188 402 inter
1196 365 1340 416 rquuas
1353 379 1462 411 voces,
1477 365 1533 403 vel
1543 366 1663 403 barba·

399 436 470 466 ras,
491 419 544 458 vel
558 418 770 469 κακοζὺλως
780 417 968 469 fhrmatas,
982 417 1017 454 δ’
1031 417 1119 456 hanc
1139 418 1333 468 Lexiplzam'
1339 417 1409 468 suo
1431 417 1569 456 tribuere
1577 432 1663 471 pag.

400 477 474 512 822
491 474 540 511 ed.
553 473 663 525 Amst.
683 471 735 523 (i.
749 484 781 510 e.
797 472 832 510 h.
852 471 875 509 l.
888 471 904 524 )
917 486 990 509 aum
1005 471 1143 509 Atu'cos
1155 470 1233 508 olim
1248 486 1287 508 ea
1309 470 1388 520 usos
1405 469 1532 522 βψ,
1545 472 1601 509 vel
1617 485 1663 509 ex

399 531 462 566 hoc
475 527 547 566 loco
560 525 799 578 Aristophanis
812 527 957 576 constare
965 522 1071 576 poffit.
1087 523 1124 562 Si
1139 523 1324 574 Guyetus
1343 524 1461 576 igitur
1476 524 1562 563 ideo
1574 537 1665 563 mu-

397 581 585 619 tationem
601 578 789 631 quaesivit
802 608 814 624 ,
836 579 926 630 quia
943 590 1024 616 vox
1043 576 1162 628 proba
1181 575 1255 624 est,
1270 577 1395 616 minus
1406 576 1563 616 absurde
1573 577 1663 630 egit.

397 635 455 672 At
474 646 551 673 non
567 633 705 681 credo,
723 644 812 672 eum
834 632 880 670 de
894 630 1150 684 Aristophane
1170 629 1351 682 cogitaffe
1363 660 1375 679 ,
1396 630 1543 684 alioqui
1563 631 1665 670 addi·

396 687 513 726 differ.
528 687 672 726 Rmz.

454 742 532 779 ibid.
556 737 847 791 Γρυμάιοπώλῃ)
868 739 945 778 Τὰς
965 737 1109 789 ὀπώρας
1123 736 1378 788 πιπράσκοντι
1390 766 1402 782 ,
1421 735 1613 790 ἰὶίχθύὸιοι
1628 737 1664 777 ἐν

398 794 445 844 τῇ
459 793 563 846 ἰχθύι
579 796 597 833 ii
611 792 879 845 ι’χθυοπωλειᾳ,
894 792 995 845 apud
1010 803 1099 830 eum
1109 821 1121 837 ,
1134 790 1199 843 qui
1213 791 1343 830 vendit
1355 788 1511 843 piscium
1526 789 1665 829 intesti-

398 861 447 888 na
457 878 469 894 ,
485 848 564 887 five
579 846 814 899 quisquilias,
829 858 926 898 quae
939 847 1128 898 ‘ypvpcoeiaa
1145 849 1162 882 ιἰ·
1174 847 1351 897 γρυμέάι.
1367 843 1430 882 De
1443 855 1518 896 qua
1530 842 1668 884 difflo-

398 914 447 942 ne
463 900 680 941 Casaubon.
696 900 740 938 ad
756 899 895 938 Athen.
908 911 992 952 cap.
1008 912 1022 938 ι
1037 912 1050 937 ι
1065 898 1106 939 δι
1123 911 1169 950 19
1181 928 1193 944 ,
1209 897 1270 936 lib.
1284 911 1324 946 7,
1336 897 1403 936 ubi
1419 897 1663 950 reprehendit

399 967 468 995 eos
479 985 490 1000 ‚
508 956 576 1007 qui
590 952 783 994 sacculum
799 963 966 992 vertunt.
980 952 1069 992 Inde
1084 954 1160 1005 ‘ypu
1176 951 1299 998 hilum,
1315 950 1445 1004 quales
1460 951 1597 990 minuti
1611 951 1664 990 illi

397 1008 587 1062 pisciculi,
601 1008 646 1047 de
660 1007 798 1060 quibus
810 1007 1000 1059 Apuleius
1013 1006 1097 1045 libr.
1117 1019 1139 1044 2
1161 1003 1279 1044 Miles.
1296 1005 1468 1044 BOURD.
1489 1003 1662 1056 Hesych.

398 1063 564 1115 Γρυμάίά
584 1060 707 1109 ἐσθὴς,
733 1062 795 1100 καὶ
815 1060 972 1114 άἹγεῐιν
996 1055 1213 1105 σκευοθήκη,
1236 1058 1271 1097 ἐν
1293 1054 1321 1107 ςῖ
1338 1056 1357 1098 ἦ
1372 1058 1506 1111 γρύτη·
1522 1057 1592 1098 ἤδη
1615 1057 1664 1098 ἒὲ

397 1117 463 1156 mi
479 1118 609 1155 Λεπτὲι
626 1114 808 1166 σκευάρια
822 1144 832 1161 ‚
847 1117 874 1152 ἃ
887 1114 950 1152 καὶ
965 1113 1107 1167 γρύτην
1125 1114 1295 1166 λέγομεν.
1309 1112 1438 1152 Locus
1454 1122 1664 1166 corruptus

397 1171 452 1209 est
466 1171 566 1223 apud
581 1169 831 1219 Hesychium.
846 1167 1013 1208 Gom.

452 1225 521 1264 ead.
540 1224 565 1261 l.
581 1237 615 1271 3.
628 1223 707 1260 Ἐπὶ
722 1224 774 1260 τὰ
790 1221 944 1275 Σέλγι)
958 1222 1084 1261 Locus
1099 1219 1158 1260 hic
1168 1249 1181 1266 ‚
1195 1229 1238 1259 ut
1255 1218 1315 1258 alii
1332 1218 1440 1258 multi
1455 1218 1494 1258 in
1506 1231 1664 1259 cacoze-

396 1277 438 1316 lo
454 1277 544 1323 isto,
567 1274 841 1329 perobscurus:
866 1288 980 1327 quem
1006 1285 1048 1314 ut
1066 1274 1278 1326 concipiam
1292 1303 1303 1319 ,
1324 1274 1433 1312 altius
1455 1274 1664 1326 repetenda

397 1331 489 1370 mihi
506 1331 614 1370 vocis
627 1329 844 1382 originario.
859 1330 987 1382 Σέλγη
1001 1328 1110 1368 πόλις
1122 1327 1204 1366 ἔστι
1223 1326 1418 1374 Πισιὸἱας,
1431 1325 1526 1365 ὅπου
1539 1326 1666 1366 κακῶς

399 1383 488 1436 ἔζων
502 1384 534 1422 οἱ
549 1383 737 1436 ἄνθρωποι,
752 1384 815 1421 καὶ
829 1382 1008 1422 ἀλλήλοις
1020 1381 1230 1428 ἐκοινώνουν,
1243 1393 1286 1419 ut
1299 1379 1456 1420 testatur
1465 1378 1664 1420 Scholiast-

397 1437 592 1491 Aristoph.
613 1439 656 1477 ad
673 1436 786 1488 Vesp.
803 1436 925 1490 Igitur
942 1437 1007 1489 qui
1025 1447 1146 1475 totam
1163 1435 1259 1474 hanc
1273 1435 1529 1473 narrationem
1542 1444 1665 1473 atten-

394 1504 436 1532 te
455 1493 642 1545 perleget,
665 1491 828 1537 videbit,
845 1490 1102 1543 Lexiphanem
1119 1487 1283 1528 voluiss'e
1298 1487 1504 1541 intelligere
1517 1488 1569 1526 τὲι
1587 1501 1664 1526 κοι-

395 1551 443 1587 νά
457 1541 703 1598 «Γειπνιιτῆριά
714 1576 725 1593 ,
740 1555 909 1584 nontam
923 1544 1123 1583 hominum
1144 1543 1189 1581 ad
1207 1554 1252 1581 ea
1267 1541 1544 1582 confluentium
1565 1540 1666 1581 mul-

394 1601 595 1640 titudinem
610 1600 797 1639 denotans
809 1628 818 1645 ‚
833 1611 947 1650 quam
963 1611 1020 1638 res
1033 1608 1260 1637 communes
1270 1626 1281 1643 ‚
1296 1594 1377 1636 sive
1388 1595 1485 1635 viles
1495 1625 1506 1644 ,
1521 1595 1567 1635 de
1580 1595 1665 1649 qui-

395 1655 472 1694 bus
487 1655 550 1693 hic
569 1663 778 1706 perpetuus
800 1651 925 1692 sermo
946 1651 1016 1692 est:
1033 1651 1182 1690 detorta
1206 1649 1292 1689 sane
1315 1649 1563 1702 metaphora,
1578 1649 1667 1702 qui-

395 1709 482 1746 dam
503 1707 564 1748 hic
579 1708 709 1760 legunt
724 1706 760 1745 τ’
776 1705 928 1761 ἀσελγῆ
948 1704 1136 1746 mendose.
1151 1704 1326 1744 BOURD.
1341 1705 1398 1742 Τὲι
1415 1704 1545 1757 Σέλγη
1557 1733 1568 1749 ,
1586 1702 1665 1743 loci

394 1774 539 1801 nomen
554 1761 727 1800 Athenis.
745 1759 914 1800 GUYET.
940 1758 1133 1800 Meurfius
1148 1771 1196 1798 ex
1215 1758 1370 1797 Polluce
1389 1757 1466 1804 lx,
1485 1770 1520 1808 5,
1541 1755 1581 1796 &
1603 1758 1639 1797 X
1652 1787 1666 1805 ,

400 1829 463 1863 11,
477 1815 652 1855 emendat
667 1815 704 1854 in
721 1814 851 1867 γέλγι
868 1825 1030 1854 mutans.
1051 1813 1123 1853 Sed
1137 1811 1446 1865 repugnantlibri
1459 1809 1499 1850 δι
1512 1810 1568 1849 Μ.
1586 1811 1665 1850 Ex·
1689 1838 1692 1841 -

395 1869 465 1909 ssat
475 1869 670 1922 Eupolidis
682 1868 954 1921 fragmentum,
965 1869 1002 1907 in
1014 1880 1096 1920 quo
1107 1866 1261 1913 eodem,
1272 1877 1353 1920 quo
1367 1865 1443 1912 hic,
1454 1863 1560 1905 sensu
1573 1866 1669 1918 γέλ-

396 1937 455 1977 ‘yn
469 1923 769 1977 reperitur.Vid.
783 1922 924 1962 Portet.
940 1936 976 1975 p.
995 1921 1042 1975 38
1058 1920 1082 1961 f.
1100 1920 1258 1961 SOLAN.

451 1981 528 2017 ead.
542 1978 564 2016 l.
583 1991 615 2030 5.
630 1976 832 2030 Πυριάτιιν)
849 1979 914 2014 Τον
931 1977 965 2016 ἐν
979 1975 1143 2024 κλιβάνῳ
1159 1973 1374 2014 ὀπτηθέντα.
1391 1969 1514 2025 ὂίρτον·
1530 1971 1594 2012 alii
1608 1981 1666 2012 ta-

395 2045 484 2071 men
505 2031 690 2081 πυριάτην
711 2031 810 2070 idem
834 2029 908 2070 effe
927 2030 1079 2077 dicunt,
1099 2042 1144 2070 ac
1163 2027 1278 2076 πύον,
1305 2027 1409 2081 quod
1432 2025 1664 2067 conveniret

396 2099 489 2125 cum
505 2085 704 2126 dulciariis.
719 2085 881 2137 Interpr.
896 2083 1144 2136 Aristophan.
1160 2083 1205 2122 ad
1216 2081 1374 2134 Vespas.
1386 2079 1548 2121 Casaub.
1562 2091 1665 2133 quae

398 2139 519 2180 Gallis
532 2140 704 2178 tarteletes.
720 2139 892 2178 Eoum).
906 2141 1087 2191 Πυριάτὶν
1108 2140 1150 2175 τὶ
1167 2135 1336 2188 Hesych.
1355 2133 1554 2186 πυριάτης,
1566 2134 1664 2173 colo-

387 2196 516 2247 strum,
541 2194 563 2233 i.
591 2207 624 2233 e.
649 2194 708 2233 lac
730 2193 894 2246 primum
907 2222 918 2240 ,
935 2192 1042 2244 quod
1063 2191 1301 2243 decoquitur.
1321 2189 1445 2229 Aliter
1466 2189 1665 2240 interpres,

398 2248 570 2292 Gunr.
589 2247 863 2287 Bourdelotius
884 2257 1075 2300 provocat
1088 2246 1134 2285 ad
1146 2243 1263 2297 Vesp.
1280 2241 1558 2295 Aristophanis.
1569 2233 1662 2282 vid.

395 2302 513 2355 igitur
524 2302 575 2341 ibi
590 2315 631 2341 v.
643 2300 733 2352 708.
755 2300 810 2340 At
821 2302 983 2353 πυάρίτῃ
998 2300 1048 2339 ibi
1063 2300 1213 2352 legitur,
1228 2298 1268 2338 &
1282 2296 1474 2338 Scholiast.
1486 2294 1597 2335 Biset.
1611 2295 1664 2334 ait

395 2356 472 2395 hoc
485 2355 605 2408 magis
624 2355 866 2408 analogicum
882 2353 976 2403 effe,
989 2367 1104 2407 quam
1118 2352 1315 2405 πυριάτην,
1328 2349 1394 2392 etsi
1412 2350 1510 2389 idem
1523 2348 1665 2402 signifi·

394 2420 468 2450 cet.
483 2409 595 2448 Alter
608 2420 734 2449 autem
749 2408 945 2448 Scholiast.
957 2409 1117 2460 πυριάτῃ
1132 2407 1221 2460 legit
1231 2436 1241 2452 ,
1258 2406 1299 2445 δι
1312 2404 1474 2458 exponit
1484 2432 1496 2452 ,
1508 2406 1551 2444 τὶ
1565 2402 1663 2452 ἑφθὸν

394 2464 520 2516 γάλα·
535 2462 613 2502 five
627 2462 852 2515 generaliter
867 2465 908 2501 τὶι
924 2461 1107 2515 πυριέφθων
1121 2460 1192 2501 &c.
1210 2460 1350 2500 Rtrrz.
1640 2502 1642 2505 ,
1663 2462 1667 2467 ’

445 2517 523 2557 ibid.
536 2515 935 2572 'EynfupioecYAp-rovf
955 2516 1037 2558 τοὺς
1059 2516 1092 2558 ἒν
1109 2514 1256 2566 σποδῷ.
1279 2514 1342 2555 De
1360 2511 1502 2567 quibus
1517 2511 1592 2551 iam
1607 2509 1669 2549 di·-
