1730 3326
218 208 323 253 IN
381 204 1109 253 LEXIPHANEM.
1197 205 1298 271 489

29 294 78 339 'de
91 306 173 348 quo
189 294 287 335 alter.
303 294 418 342 nihil,
433 295 484 334 ibi
498 294 703 347 subscripta
723 295 829 334 litera
844 296 897 335 V.
913 294 990 335 fine
1010 293 1225 336 discrimine
1247 310 1296 341 u·,

32 349 195 389 trumvis
207 347 374 401 designat
388 348 632 388 Voffianum.
646 349 794 388 Rtsz.

85 403 163 440 ibid.
176 402 416 454 Πολυδεύκη)
429 401 564 442 Pollux
578 415 657 441 non
670 414 818 441 tantum
833 401 976 455 scripfit
988 402 1294 453 Onomasticon3

31 455 78 495 de
90 468 169 508 quo
181 454 242 495 hic
253 455 407 502 Noster,
419 454 480 494 sed
494 457 606 495 etiam
620 456 935 503 declamationes,
948 456 1116 508 aliosque
1132 456 1294 497 eiusmo-

28 510 65 549 di
78 508 246 555 libellos,
260 508 356 549 inter
371 521 472 561 quos
484 507 556 549 fuit
571 509 697 548 oratio
712 519 846 548 contra
862 508 1078 557 Socratem,
1093 521 1136 548 ut
1157 510 1294 550 auctor

32 561 86 602 est
100 561 252 608 Suidas,
265 563 366 602 unde
379 562 446 601 fibi
460 561 671 615 Sophistae,
686 574 875 615 quatenus
887 563 923 601 in
938 562 1075 601 malam
1089 575 1233 616 partem
1249 577 1295 604 ea

31 627 117 655 vox
132 614 307 664 sumitur,
318 628 460 655 nomen
477 617 628 656 meruit.
641 616 694 655 At
709 615 736 654 fi
749 617 867 655 eidem
884 615 1019 655 Suidae
1031 617 1270 656 crederemus
1281 647 1294 664 ‚

29 678 206 722 tempora
224 681 305 708 non
330 670 584 709 convenirent
594 700 606 718 ,
633 682 722 708 cum
749 670 937 709 Lucianus
954 668 1020 709 sub
1043 670 1211 709 Traiano
1223 702 1234 717 ‚
1250 682 1294 710 ut

31 724 82 762 ait
93 751 107 768 ,
119 722 277 771 vixerit3
291 722 432 762 Pollux
447 736 544 762 vero
559 722 626 762 sub
640 724 776 763 Marco
792 724 829 763 &
844 723 1067 763 Commodo
1081 723 1200 775 Impp.
1214 725 1296 764 Ve-

29 789 114 816 rum
129 775 280 816 Suidam
302 776 438 816 erraffe
452 776 612 816 ostendit
627 777 782 816 Vossius
802 778 848 815 de
866 776 960 815 Hist.
983 776 1140 816 Graecis
1156 777 1217 816 lib.
1234 777 1290 826 11,

31 841 112 882 cap.
128 842 144 868 1
155 842 188 882 5,
202 830 313 869 cuius
325 830 540 869 rationibus
559 831 596 868 in
610 829 803 884 posterum
817 830 972 870 addetur
984 830 1217 871 Scholiastae
1227 843 1298 875 ηο-Ι

29 882 94 922 stri
106 884 324 924 auaoritas.
342 882 470 923 CLER.

85 937 176 990 Pag.
194 937 279 986 176.
294 938 317 976 l.
340 951 371 976 1.
385 941 432 975 Tb
445 936 608 989 νεχμὶν)
623 936 788 990 Corrige
801 938 976 990 νεοχμόν.
988 936 1154 977 GUYET.
1169 943 1295 990 Νεοχ-

25 991 118 1085 ρῶὶν,
131 1003 215 1029 vox
232 991 404 1044 Euripidi
420 990 629 1040 familiaris,
645 991 720 1031 vid.
737 1005 773 1044 p.
793 1005 869 1044 334
881 991 938 1031 ed.
964 992 995 1030 I.
1011 990 1119 1044 (non
1134 993 1294 1033 invenio

31 1044 39 1052 ‘
70 1044 94 1084 i.
128 1044 286 1084 SOLAN.

81 1043 155 1136 ciui.
167 1098 191 1136 l.
213 1113 247 1151 3.
258 1098 604 1150 Ἀντισυμποσιάζω
618 1099 681 1137 τὶν
694 1098 905 1150 Ἀρίστωνος
920 1098 955 1138 ἐν
977 1095 1082 1149 αὐτῷ
1096 1101 1111 1148 )
1133 1099 1296 1139 Βεηεάἰέ

28 1149 113 1191 &us
124 1181 134 1197 ,
149 1152 339 1193 convivium
352 1153 466 1192 abillo
480 1152 663 1202 Aristonis,
676 1152 727 1191 lu‘c
741 1153 907 1204 diversum
921 1153 1066 1205 instituo.
1081 1154 1266 1204 Micyllus
1279 1185 1294 1202 ‚

25 1206 216 1246 convivium
234 1206 271 1245 in
289 1222 326 1246 eo
342 1207 477 1259 viczffi'm
495 1207 630 1259 instituo
648 1219 763 1245 contra
778 1207 949 1260 Aristonis
967 1208 1061 1246 illud.
1077 1207 1192 1247 Certe
1216 1208 1294 1248 hoe

28 1257 269 1298 manifestius.
280 1259 424 1300 GRON.
432 1259 628 1312 Quamvis
640 1261 794 1312 perierit
805 1260 924 1313 ipsum
933 1261 1121 1301 Athenaei
1132 1261 1295 1311 initium,

29 1325 76 1352 ex
90 1324 319 1364 argumento
332 1314 460 1367 operis
475 1313 631 1354 Graeco
654 1314 847 1366 superstite
864 1314 950 1353 satis
971 1315 1090 1367 liquet
1101 1346 1113 1363 ,
1128 1315 1296 1355 Platonis

27 1367 239 1416 συμπόσιον
256 1367 309 1406 ob
324 1367 461 1408 oculos
480 1366 647 1408 habuiffe
659 1368 901 1408 Athenaeum
914 1369 1054 1420 ‚idque
1073 1368 1146 1409 effe
1162 1382 1296 1409 aemu-

24 1419 142 1459 latum
157 1450 169 1468 ‚
190 1433 279 1460 cum
300 1434 402 1474 opus
422 1421 511 1461 illud
534 1421 644 1461 suum
670 1421 872 1461 ordiretur.
895 1422 955 1462 Sic
979 1423 1078 1461 enim
1102 1421 1294 1475 postrema

24 1473 143 1513 verba
158 1473 320 1515 habent:
337 1475 678 1528 ἓραματουργεῖὲὲ
690 1477 752 1514 τὶν
770 1474 951 1529 ὃιέιλογον
971 1474 985 1514 ὃ
1000 1473 1180 1517 Ἀθήναιος
1195 1474 1293 1528 ζήλῳ

25 1527 266 1578 Πλατωνικῷ.
283 1524 413 1568 Οὕτως
425 1528 517 1582 γοῦν
531 1531 713 1581 ἄρχεται.
730 1529 888 1568 SOLAN.

78 1581 185 1620 ead.l.
201 1596 232 1633 5.
244 1585 308 1621 Τὸν
321 1583 538 1636 Πλάτωνα)
561 1584 683 1622 Aliter
697 1583 813 1635 Apul.
833 1584 878 1622 de
900 1583 1080 1636 dogmate
1099 1582 1267 1622 Platonis
1277 1592 1294 1630 3

25 1634 90 1685 qui
104 1634 214 1682 vult,
227 1635 393 1676 Platonis
408 1649 553 1689 patrem
569 1636 809 1683 Aristonem,
832 1636 954 1689 ipsum
975 1636 1217 1676 Aristotelem
1237 1637 1293 1676 di-

24 1687 139 1728 aum.
157 1688 244 1729 Fuit
260 1689 300 1729 δι
316 1689 446 1730 Aristo
461 1689 564 1730 Ceus
575 1720 586 1736 ‚
603 1691 670 1743 qui
691 1689 834 1742 scripsit
848 1691 1006 1743 ἐρωτικὰ
1016 1721 1029 1740 ,
1043 1690 1089 1731 de
1109 1703 1192 1744 quo
1213 1689 1293 1737 Ca-⁴

22 1740 126 1782 saub.
141 1742 186 1781 ad
199 1742 342 1783 Athen.
356 1757 389 1784 c.
408 1758 455 1793 4,
471 1743 534 1783 lib.
553 1756 612 1795 15.
624 1745 797 1783 Eoum).

75 1798 150 1835 ead.
162 1796 184 1834 l.
201 1811 216 1835 1
228 1811 260 1836 1.
273 1800 338 1837 Τὴν
345 1797 414 1848 μὲν
429 1797 574 1850 εἴρωνα)
587 1799 654 1836 Τὴν
673 1798 860 1849 εἰρώνειοιν.
874 1797 1043 1838 GUYET.

23 1901 54 1945 B
71 1849 151 1889 ibid.
174 1850 319 1904 Πεὲοῖ)
339 1852 509 1905 Antique
535 1851 675 1891 dictum
698 1865 774 1905 pro
795 1853 930 1906 χαμαὶ
940 1882 953 1899 ,
978 1856 1069 1905 πρὸς
1085 1854 1131 1891 τὸ
1153 1851 1288 1894 orssev-

59 1914 196 1944 OURD.

73 1959 180 1997 ead.l.
195 1970 210 1996 1
220 1972 253 1997 2.
265 1957 510 2012 'Ewasst'ao-vpx)
525 1959 576 1998 V.
588 1958 712 2000 Schol.
729 1959 922 2011 Aristoph.
938 1960 983 2000 ad
1003 1959 1099 2000 Plut.
1111 1961 1289 2003 BOURDJ

73 2014 147 2051 ead.
161 2012 185 2051 l.
200 2025 214 2050 1
225 2026 259 2065 3.
271 2012 308 2051 ‘H
323 2012 504 2066 nudem)
516 2013 556 2052 ‘O
569 2012 701 2064 ῥύπος,
714 2013 881 2065 Hesych.
900 2013 1069 2056 GUYET.

75 2065 165 2119 Pag.
180 2079 267 2116 177.
277 2067 300 2105 l.
322 2080 337 2105 1
346 2096 355 2105 .
366 2066 683 2120 Διασεροείνομοιι)
696 2067 760 2107 De
771 2068 844 2108 hac
855 2067 1018 2109 dictione
1030 2069 1142 2109 locus
1157 2068 1289 2115 dicen-j

23 2117 56 2158 di
68 2119 113 2158 ad
125 2120 244 2158 vitam
259 2119 521 2160 Demonac'tis.
533 2121 705 2161 Bomm.

74 2176 146 2212 ead.
161 2173 185 2212 l.
201 2188 234 2213 2.
249 2173 444 2227 Εὔαρχος)
457 2175 494 2212 Εἰ
509 2174 629 2215 καλὴν
647 2174 737 2226 ἔχει
753 2175 892 2227 ἀρχὴν,
907 2175 970 2215 καὶ
984 2176 1175 2229 προοίμιον.
1191 2177 1284 2217 Hoc

0 2249 2 2274 μ
21 2226 119 2267 enim
135 2225 368 2280 potiffimum
382 2229 565 2268 curabant
579 2228 707 2269 miselli
722 2228 921 2282 scriptores
934 2230 1006 2275 illi,
1025 2242 1066 2270 ut
1080 2231 1283 2270 exordium

21 2280 172 2332 reliquo
180 2294 299 2334 opere
311 2282 426 2334 longe
439 2281 663 2332 splendidius
674 2284 871 2336 eligerent.
883 2283 1006 2336 Quod
1022 2295 1135 2323 ante-a
1150 2285 1285 2323 Lucia-

22 2346 97 2373 nus
107 2336 258 2374 notavit
275 2335 438 2374 wadiam
451 2335 514 2375 De
535 2335 807 2376 conscribenda
819 2337 972 2376 historia
983 2368 996 2383 ‚
1013 2337 1052 2376 Sc
1066 2336 1174 2391 saepe
1190 2337 1283 2378 alibi

20 2387 159 2440 postea.
180 2388 320 2428 Imitari
337 2389 388 2428 illi
408 2402 653 2442 praeceptum
674 2390 820 2430 Pindari
835 2390 909 2431 Od.
928 2405 953 2441 7
967 2391 1131 2443 Olymp.
1147 2392 1283 2444 Ἀρχο·

18 2443 125 2492 μένου
144 2441 183 2480 θ’
196 2443 323 2495 ἔργου,
337 2443 532 2495 πρόσωπον
551 2445 618 2495 Xpb
633 2445 746 2493 θέμεν
765 2446 975 2499 τηλαυγές.
991 2444 1095 2486 Citat
1111 2445 1278 2486 Lucian.

0 2523 1 2529 κ
17 2507 53 2550 p.
70 2494 157 2545 848.
172 2495 235 2549 (in
246 2497 388 2551 Hippia
401 2508 438 2538 c.
451 2497 510 2552 7.)
522 2498 693 2539 Bonan.
