1730 3326
397 227 489 275 530
592 208 1463 258 ANNOTATIONES

396 298 563 342 habere,
584 296 660 334 vid.
675 295 772 347 apud
791 294 968 334 Maittair.
990 294 1035 332 de
1047 293 1148 332 Dial.
1165 308 1200 347 p.
1219 295 1290 334 116
1302 296 1359 334 ed.
1372 297 1566 347 Haganae.
1583 295 1654 338 Sed

392 351 432 390 δι
449 351 573 402 legere
592 348 704 402 postis
723 347 888 386 ἑωυτέου.
903 347 1045 406 Ρυηξζει
1059 348 1377 408 νεζοιάἰεεῐεΐεος
1388 379 1397 395 ,
1412 362 1509 401 quae
1523 349 1558 388 in
1572 352 1655 392 edd.

391 401 1653 507 {3²22}333.&⁰3:133‘5225233'5351‘333.¹⁵13‘fflssezsstffifflssss§1353
1704 491 1705 494 ,

393 509 581 561 Hippocr.
597 509 698 561 Aph.
716 509 796 547 edd.
810 507 904 546 Se&
919 506 955 552 1,
969 506 1067 557 Aph.
1089 520 1122 553 1,
1136 506 1264 546 ἑαυτὸν
1284 508 1425 546 editum
1439 508 1512 554 est,
1534 508 1596 546 ubi
1613 510 1652 548 in

393 574 488 601 vett.
510 574 634 601 tamen
649 561 748 600 τεᾶε
761 560 899 600 ἑωυτόν.
917 560 988 599 Sed
1001 561 1039 599 &
1054 559 1138 598 alibi
1151 572 1230 598 non
1251 559 1361 599 semel
1380 562 1479 613 apud
1492 563 1653 601 eundem

392 616 432 654 in
447 616 544 655 hisce
559 627 726 654 erratum
748 614 800 653 est
814 614 851 652 in
867 613 945 652 edd.
964 623 1006 651 ut
1019 613 1104 652 ibid.
1120 612 1221 665 Aph.
1239 627 1298 666 13,
1324 614 1390 653 ubi
1407 625 1497 654 vett.
1514 615 1654 655 habent

392 667 545 716 ἑωυτῶν,
559 669 693 708 dedere
708 666 860 706 ἑαυτῶν.
876 666 1022 704 REITZ.

444 724 518 760 ead.
535 724 557 759 l.
578 734 634 760 11.
649 720 838 772 Χρεὸμενος
852 719 868 772 )
882 719 945 757 Αη
963 718 1106 770 χρεώμ.
1121 718 1198 758 vid.
1212 717 1307 757 infra
1322 719 1366 758 ad
1380 731 1414 757 c.
1431 733 1489 772 29.
1507 719 1657 761 REITL'

447 775 534 827 Pag.
554 788 639 826 223.
654 775 677 812 l.
693 787 722 812 1.
737 775 860 823 Τάχα
870 772 914 811 δὲ
926 773 1015 824 καὶ)
1031 772 1094 812 Ed.
1106 772 1227 812 Reitz.
1243 773 1361 825 τάχα.
1376 771 1420 811 Σὲ
1433 775 1525 825 γὰρ,
1540 774 1650 814 male.

392 827 473 874 Sic,
492 840 532 866 ut
549 828 751 873 edidimus,
765 826 816 865 est
829 827 868 864 in
888 827 927 864 S.
944 824 985 864 δι
1000 825 1086 876 Bafi
1106 840 1142 874 4.
1159 825 1299 878 quibus
1320 825 1567 879 adstipulatur
1580 825 1657 868 Ms.

395 881 494 934 Reg.
513 894 581 934 301
595 894 626 919 1.

446 937 519 973 ead.
536 934 559 973 l.
572 935 606 972 6.
622 929 778 980 Αὖτέων)
793 932 882 972 Non
895 931 1068 971 dubitavi
1078 930 1129 970 sic
1141 931 1252 971 edere
1263 942 1398 971 contra
1409 932 1493 971 edd.
1505 945 1656 983 omnes,

391 989 481 1040 quia
497 986 685 1026 Ionismus
709 998 824 1026 verus
843 997 923 1024 erat
944 984 1203 1024 restituendus.
1220 985 1327 1024 Licet
1341 986 1438 1024 enim
1456 986 1493 1024 δι
1518 987 1553 1024 in
1580 986 1655 1028 hoc

391 1042 623 1093 pronomine
635 1040 847 1080 contraffio
862 1039 969 1090 saepe
982 1039 1195 1078 inveniatur
1209 1038 1245 1076 in
1257 1039 1337 1077 edd.
1350 1040 1509 1078 aliorum
1524 1039 1654 1080 aueto-

390 1107 480 1134 ‹rum
496 1094 626 1133 ionica
640 1093 801 1132 dialecio
815 1094 1003 1131 utentium
1019 1122 1031 1140 ,
1042 1091 1166 1144 (quod
1179 1104 1271 1130 mox
1281 1092 1496 1132 videbimus
1507 1093 1554 1132 ad
1569 1105 1656 1146 cap.

394 1148 464 1199 22)
479 1158 604 1187 tamen
617 1144 757 1186 αὐτέων
771 1145 870 1185 recte
891 1145 986 1184 infra
998 1158 1030 1184 c.
1047 1158 1094 1184 22
1107 1146 1189 1184 edd.
1205 1157 1321 1198 atque
1341 1145 1428 1184 alibi
1443 1145 1633 1187 habebant
1643 1175 1657 1195 ,

394 1202 435 1240 δι
448 1200 498 1240 fic
515 1202 701 1240 Herodot.
720 1200 874 1251 Euterp.
888 1211 942 1251 pr.
956 1199 1002 1238 Et
1015 1197 1104 1238 Clio
1122 1198 1161 1247 Ι,
1177 1211 1260 1251 pag.
1275 1214 1299 1245 4
1315 1198 1338 1238 f.
1355 1199 1412 1238 ed.
1431 1197 1557 1251 Steph.
1579 1199 1656 1240 διε.

392 1254 561 1305 Ideoque
584 1266 661 1293 non
684 1253 746 1292 hic
761 1254 878 1290 modo
891 1281 901 1297 ,
926 1251 986 1291 sed
1005 1252 1149 1305 ubique
1172 1252 1208 1290 in
1225 1254 1294 1290 hac
1312 1251 1465 1292 Differt.
1485 1252 1658 1300 restitui,

392 1308 505 1347 etiam
519 1307 585 1346 ubi
599 1308 637 1345 in
652 1307 828 1346 variantt.
843 1305 943 1345 leat.
958 1306 993 1344 id
1009 1317 1088 1344 non
1104 1306 1247 1345 monui.
1261 1305 1406 1345 Rau-z.

453 1362 525 1400 ead.
537 1360 560 1400 l.
578 1374 614 1412 9.
630 1359 796 1410 Φαέθων)
815 1359 928 1397 Hanc
944 1356 1109 1397 fabulam
1125 1358 1361 1411 persequitur
1373 1359 1539 1399 Ovidius
1551 1359 1614 1399 lib.
1631 1373 1653 1400 2

393 1413 552 1453 Metam.
566 1413 657 1452 Plat.
673 1414 837 1453 Timaeo
850 1441 862 1457 ,
878 1411 992 1452 Arist.
1007 1412 1118 1450 LIV
1137 1412 1182 1451 de
1197 1413 1340 1451 mundo
1350 1441 1362 1460 ‚
1376 1413 1530 1452 Lucret.
1550 1413 1590 1452 L.
1601 1414 1659 1454 V.

396 1467 542 1508 COGN.
552 1465 669 1507 Conf.
682 1469 808 1512 etiam,
823 1465 850 1503 fi
865 1478 1004 1517 operae
1014 1464 1078 1513 est,
1088 1464 1257 1504 Philostr.
1272 1465 1378 1505 Icon.
1393 1465 1424 1513 1,
1436 1465 1502 1506 Xl.
1514 1466 1657 1506 Rmrz.

393 1574 419 1615 S
447 1524 521 1560 ead.
534 1521 557 1559 l.
577 1534 634 1561 12.
648 1519 809 1572 Ἠελίου)
825 1518 924 1572 Quo
948 1519 1048 1572 apud
1074 1519 1292 1559 Homerum
1313 1518 1495 1572 respiciat,
1509 1518 1655 1561 nescio.

423 1585 550 1614 OLAN.

450 1628 540 1680 Pag.
557 1640 645 1675 224.
664 1628 689 1666 ἱ.
706 1642 740 1676 4.
755 1625 907 1677 Benene)
928 1625 1030 1665 Nihil
1044 1626 1217 1672 mutavi,
1234 1625 1304 1665 etsi
1315 1625 1462 1671 βαλέειν
1474 1625 1657 1680 scriptum

394 1680 575 1774 suspilczari
587 1682 687 1720 licet.
698 1681 788 1721 Vid.
803 1680 987 1720 Maittair.
1000 1693 1036 1734 p.
1049 1694 1067 1733 3
1079 1695 1093 1733 5
1105 1694 1119 1719 ι
1138 1679 1164 1719 f.
1180 1678 1297 1720 Conf.
1310 1678 1406 1720 insta
1417 1693 1450 1721 c.
1471 1680 1536 1720 ult.
1547 1680 1657 1734 {1722}

394 1748 473 1774 ται.
530 1745 634 1774 ΕΙΤΖ.

449 1791 519 1826 ead.
535 1789 558 1827 l.
576 1801 613 1834 7.
630 1790 677 1826 Tb
693 1785 882 1839 ἤλεκτρον)
896 1785 1012 1826 Conf.
1027 1785 1122 1826 infra
1136 1785 1362 1840 singularem
1375 1786 1412 1826 N
1415 1786 1503 1827 ostri
1517 1787 1563 1828 de
1578 1786 1657 1831 ele-1

394 1840 479 1881 &ro
493 1841 813 1881 Differtationem.
827 1840 972 1879 RErrz.

401 1925 407 1929 .
448 1897 522 1934 ead.
536 1896 559 1934 l.
576 1909 589 1934 1
601 1909 634 1932 2.
649 1893 797 1947 Αἰνείην)
809 1893 872 1934 De
884 1907 933 1934 eo
943 1892 1113 1934 Eustath.
1125 1893 1163 1932 in
1173 1893 1214 1933 L.
1226 1907 1248 1933 2
1261 1893 1362 1933 Iliad.
1375 1893 1494 1934 Hom.
1504 1893 1657 1946 Hylan}

395 1949 569 1988 Veneris.
586 1947 733 1988 COGN.

447 2005 521 2041 ead.
534 2004 555 2040 l.
575 2004 632 2041 16.
648 2000 875 2052 Ἐπέβλεψεν
886 2000 905 2054 )
918 2000 1127 2054 Vulgatam
1144 2001 1241 2041 hanc
1252 2000 1446 2041 deleverat
1465 1999 1626 2041 Solanus
1637 2007 1655 2049 ς

394 2055 437 2095 δι
449 2056 533 2096 le&
546 2055 644 2095 Cod.
654 2057 726 2096 W.
741 2054 961 2105 ἐπέβλεψαν
976 2054 1225 2096 substituerat.
1241 2055 1332 2094 Non
1346 2055 1443 2095 male
1454 2054 1652 2107 profluam

393 2110 488 2162 quin
505 2108 546 2148 δι
558 2121 632 2162 ego
646 2110 761 2149 credo
774 2109 811 2148 id
826 2121 961 2149 verum
972 2107 1064 2148 effe:
1078 2120 1115 2148 at
1130 2109 1220 2162 quia
1234 2108 1389 2160 vulgata
1399 2120 1559 2162 quoque
1570 2118 1652 2148 non

392 2162 638 2202 incommoda
648 2193 660 2212 ,
676 2162 736 2202 sed
750 2163 956 2202 admodum
973 2162 1105 2202 usitata
1116 2193 1128 2211 ,
1143 2162 1236 2201 nihil
1251 2174 1398 2202 mutare
1415 2161 1497 2201 sum
1509 2160 1622 2201 ausus
1636 2190 1653 2210 ,

391 2229 445 2258 ne
459 2217 630 2309 navandi
644 2247 657 2264 ,
669 2217 687 2270 (
698 2216 777 2257 sive
795 2217 924 2270 potius
935 2216 1182 2270 antiquandi)
1198 2216 1317 2255 nimio
1328 2213 1449 2256 studio
1462 2216 1583 2256 teneri
1596 2215 1653 2258 di-⁴

394 2282 470 2310 car.
523 2281 630 2310 Errz.

447 2324 538 2377 Pag.
554 2324 680 2374 22ς.1.
699 2319 901 2377 ι.”1ιιελοι)
924 2323 1034 2376 Quia
1055 2321 1243 2363 Ionismus
1258 2323 1333 2364 hoc
1345 2321 1585 2376 requirebat,
1598 2320 1652 2365 fic

393 2377 476 2417 dedi
491 2389 627 2417 contra
642 2378 723 2417 edd.
736 2378 826 2417 Vid.
840 2377 981 2430 supra§
1002 2390 1059 2417 10.
1073 2377 1221 2417 Rura

447 2433 518 2469 ead.
536 2432 560 2471 l.
576 2430 613 2470 8.
627 2430 738 2484 Ἀπ’)
754 2432 813 2471 Ne
825 2432 908 2484 quis
924 2431 1049 2471 credat
1063 2462 1073 2480 ,
1088 2430 1117 2469 F
1119 2430 1343 2470 lorentinam
1357 2429 1417 2470 hic
1438 2441 1527 2482 prae
1546 2438 1651 2470 cetei

392 2483 445 2535 ris
460 2483 588 2539 sapere
598 2515 612 2536 ‚
625 2485 977 2537 memmerit,10nes
990 2484 1279 2539 adspirationem
1292 2495 1369 2525 tam
1387 2485 1426 2525 in
1438 2482 1651 2538 appofitiqq·
