1730 3326
403 237 498 280 424
606 221 1474 270 ANNOTATIONES

407 308 537 361 plures
550 310 742 361 proponit.
756 308 865 347 Adde
880 306 1024 356 Διῆμων.
1040 322 1119 360 cap.
1134 324 1203 361 343
1225 311 1327 349 unde
1341 322 1444 364 patet
1457 342 1470 358 ‚
1490 310 1668 352 Barbaris

405 363 520 401 etiam
544 362 642 401 hisce
664 361 774 402 sacris
791 362 1029 401 interdictum
1046 362 1163 402 fuisse.
1188 364 1344 402 somn.

459 417 538 455 ibid.
554 415 802 467 Xpw‘rmv‘os)
822 415 1063 468 Exploraturi
1085 416 1213 468 itaque
1238 416 1387 456 fraudes
1407 417 1520 457 huius
1550 417 1670 457 Pseu-

406 467 669 520 doproplietae
683 470 870 507 interdum
886 468 1006 520 &ipsi
1017 469 1217 508 Christiani
1232 468 1332 508 sacra
1346 470 1432 516 ista,
1447 470 1540 510 alias
1561 471 1671 510 illici·

406 532 459 569 ta,
474 522 646 560 adibant:
667 522 713 560 ab
730 522 846 574 iisque
860 520 927 560 fibi
944 535 1064 574 aeque
1079 534 1124 561 ac
1135 523 1182 560 ab
1197 522 1389 574 Epicureis
1410 524 1600 562 metuebat
1614 526 1672 563 A·

407 575 597 614 lexander.
620 576 731 615 Unde
746 576 849 614 zelus
867 574 1172 615 Christianorum
1187 576 1224 614 in
1246 576 1458 627 detegendis
1476 575 1673 617 fraudibus

408 629 450 668 δι
469 628 686 682 imposturis
699 628 862 681 patescit.
888 629 985 667 Nam
1007 630 1112 681 quod
1124 629 1299 680 Epicurei
1320 630 1414 668 idem
1428 629 1671 678 faciitabant‚

410 695 490 721 non
505 683 661 729 mirum,
679 682 822 722 otiosos
843 681 1068 733 plerumque
1083 683 1274 726 homines,
1315 683 1429 722 uibus
1451 683 1537 722 talia
1558 684 1670 723 ludus

409 747 518 774 erant
532 765 542 779 ,
566 736 606 775 &
618 735 752 787 quavis
767 735 982 775 Comoedia
1006 736 1207 775 iucundius
1222 735 1282 787 spe
1323 737 1473 775 aculum
1486 766 1497 781 ,
1509 749 1669 789 operam

408 789 545 828 dedisse
560 788 773 827 huiusmodi
798 787 1055 839 superstitiosis
1078 790 1294 828 hominibus
1312 790 1530 829 deridendis.
1556 789 1671 829 Chri-

410 841 550 881 stianos
559 856 604 881 au
611 852 685 880 tem
697 855 831 894 grav-es
840 843 879 882 δι
890 843 1043 881 minime
1052 842 1189 887 futiles,
1200 853 1267 881 aut
1276 841 1564 889 otiosos‚immo
1573 844 1670 883 odiis

411 895 454 934 δι
469 896 612 935 iniuriis
624 908 700 934 non
714 897 955 947 privatorum
967 906 1111 935 tantum
1128 897 1344 944 hominum,
1355 896 1414 935 sed
1426 898 1466 935 δι
1478 896 1673 949 magistra-

411 960 520 988 tuum
536 951 886 1001 imperatorumque
897 948 1039 1002 preffos
1051 980 1061 995 ‚
1076 950 1150 988 hoc
1167 948 1299 1002 egisse,
1319 961 1362 989 ut
1374 950 1420 988 ab
1436 950 1673 990 illusionibus

411 1002 689 1055 praestigiisque
701 1004 833 1042 orbem
849 1014 1032 1042 terrarum
1045 1004 1279 1042 vindicarent
1291 1031 1301 1046 ,
1324 1003 1362 1041 in
1386 1003 1672 1044 admirationem

412 1068 515 1096 certe
529 1058 707 1108 quemvis
719 1069 854 1108 rapere
867 1055 1011 1096 necesse
1025 1057 1090 1095 est.
1120 1057 1244 1096 Aliam
1257 1055 1366 1095 affert
1381 1056 1490 1096 huius
1510 1058 1562 1096 rei
1581 1069 1676 1096 cau-

413 1110 490 1149 sam
503 1111 670 1149 Laetam.
684 1110 840 1149 minime
854 1109 1098 1162 respuendam
1113 1127 1120 1150 :
1137 1124 1249 1163 quam
1263 1109 1291 1149 si
1304 1111 1406 1149 lubet
1417 1110 1553 1162 legere,
1562 1111 1674 1151 adea&

412 1163 551 1203 librum
567 1166 647 1203 eius
659 1163 731 1208 IV,
746 1176 778 1203 c.
794 1178 854 1210 27.
869 1164 952 1203 Nos
966 1165 1034 1204 hac
1047 1177 1147 1203 nunc
1161 1164 1331 1203 contenti
1343 1163 1492 1203 erimus.
1515 1163 1674 1204 SOLAN.

413 1216 478 1257 De
492 1217 726 1265 Christianis,
742 1216 915 1268 aliisque,
933 1218 980 1255 ab
995 1219 1049 1256 his
1062 1217 1172 1257 sacris
1185 1217 1304 1256 arceri
1318 1216 1452 1263 solitis,
1467 1217 1573 1270 plura
1585 1225 1676 1257 con-

414 1269 520 1322 geffit
537 1271 606 1308 lac.
622 1269 720 1309 Elsn.
736 1271 780 1308 ad
795 1270 956 1321 Apocal.
972 1271 1080 1310 XXll
1092 1302 1104 1318 ‚
1127 1284 1186 1321 ις,
1200 1270 1321 1310 ubi&
1337 1271 1391 1310 his
1413 1271 1569 1323 Luciani
1585 1284 1674 1310 ver-

414 1325 471 1362 bis
485 1325 620 1370 utitur,
642 1324 683 1362 &
706 1336 753 1362 ex
768 1323 934 1362 Socratis
947 1324 1040 1363 Hist.
1062 1325 1162 1364 Eccl.
1180 1324 1310 1372 V11‚8
1326 1353 1336 1370 ,
1357 1337 1515 1377 quoque
1539 1324 1674 1371 docet,

412 1375 647 1429 lsdigerdem,
670 1376 864 1416 Persarum
889 1389 1030 1429 regem,
1049 1378 1229 1430 abMagis
1243 1378 1446 1417 iudicatum
1459 1379 1672 1418 arcendum
1699 1402 1702 1404 -

415 1443 438 1469 a
453 1430 567 1470 sacris
578 1461 590 1479 ‚
609 1431 713 1483 quod
730 1431 910 1470 Marutha
926 1430 1229 1483 Mesopotamiae
1243 1430 1430 1484 Episcopo
1455 1431 1674 1471 familiarius

415 1496 598 1524 uteretur.
614 1485 744 1524 Verba
759 1482 836 1537 ipsa
854 1497 901 1524 ex
925 1485 1058 1524 Iulian.
1073 1484 1184 1537 Epist.
1211 1499 1255 1537 52
1268 1514 1280 1533 ,
1300 1484 1468 1538 aliaque,
1490 1485 1564 1524 vid.
1585 1485 1672 1525 ibid.

414 1538 562 1578 Rmz.

471 1596 556 1645 Pag.
570 1606 632 1644 99.
644 1592 667 1629 l.
683 1606 717 1631 2.
731 1590 976 1632 Πιστεὺοντες
987 1591 1040 1641 τῷ
1051 1591 1149 1644 θεῷ)
1161 1591 1343 1631 formula
1360 1591 1433 1631 iam
1450 1603 1472 1630 a
1490 1590 1672 1634 Christiav

414 1645 474 1686 nis
489 1645 671 1685 desumta.
687 1645 844 1685 SoLAN.

467 1699 546 1738 ibid.
561 1699 669 1750 Τύχῃ
687 1699 735 1747 τῇ
747 1698 875 1752 ἀγαθῇ
884 1699 902 1752 )
914 1698 1026 1738 Conf.
1042 1697 1152 1750 supra
1165 1697 1260 1738 di&a
1273 1699 1319 1737 ad
1332 1711 1364 1738 c.
1380 1697 1597 1746 14R131Tz.

468 1755 541 1793 ead.
555 1753 578 1791 l.
591 1752 729 1804 4.”Εξω
743 1752 1006 1808 Χριστιανοὺς)
1022 1753 1110 1790 Vid.
1127 1750 1351 1792 Hoffmann.
1367 1751 1405 1790 in
1419 1752 1520 1791 notis
1533 1753 1578 1791 ad
1589 1751 1670 1792 Ga·

414 1804 544 1845 lenum
557 1807 602 1845 de
613 1805 679 1845 usu
694 1806 856 1858 partium
868 1836 878 1851 ‚
895 1819 929 1845 n.
945 1819 1033 1860 295.
1045 1806 1139 1846 Item
1151 1805 1398 1845 Dodwellum
1413 1804 1508 1845 Diis.
1522 1805 1559 1844 in
1573 1805 1672 1846 lren.

413 1858 469 1907 11,
487 1874 521 1912 ρ.
538 1860 629 1905 168,
646 1861 731 1911 169.
755 1871 810 1899 LA
827 1858 982 1899 CRozE.
1661 1872 1665 1876 ·

467 1916 540 1952 ead.
555 1914 579 1951 l.
598 1928 612 1952 1
627 1913 870 1961 ς.Ῥουτιλλιά
883 1912 900 1966 )
914 1913 1060 1952 Ficlum
1077 1925 1217 1951 nomen
1233 1913 1400 1966 putarim
1412 1942 1424 1960 ,
1437 1925 1518 1965 quo
1537 1911 1668 1965 super-

413 1965 589 2006 stitiosam
614 1967 792 2006 feminam
814 1968 988 2006 denotet:
1011 1979 1112 2007 certe
1125 1965 1216 2006 illud
1229 1980 1286 2004 τις
1306 1968 1373 2005 vix
1395 1967 1547 2018 patitur,
1565 1977 1608 2005 ut
1623 1965 1670 2006 de

411 2033 524 2072 gente
537 2020 823 2061 Rutilianorum
836 2021 1032 2074 intelligas.
1045 2019 1337 2060 Observandum
1352 2030 1496 2067 autem,
1509 2021 1601 2058 haec
1612 2018 1670 2058 sa-

413 2087 478 2113 cra
493 2088 574 2114 non
586 2075 758 2122 Romae,
773 2074 832 2114 sed
853 2075 891 2113 in
912 2074 1168 2127 Paphlagonia
1181 2074 1388 2113 celebrata:
1404 2086 1503 2126 quae
1515 2073 1669 2125 quidem

412 2141 472 2168 res
487 2129 625 2180 aliquid
639 2128 866 2168 difficultatis
881 2128 1016 2176 habet3
1032 2141 1120 2166 nam
1136 2129 1200 2180 qui
1212 2126 1352 2167 factum
1367 2126 1420 2166 est
1430 2158 1441 2174 ‚
1456 2137 1499 2166 ut
1512 2128 1670 2179 impera-

411 2183 506 2221 toris
519 2182 753 2222 Oeconomo
766 2182 916 2221 licuerit
936 2193 1012 2221 tam
1032 2182 1146 2234 longe
1165 2182 1213 2220 ab
1223 2181 1309 2220 aula
1323 2179 1484 2221 versari?
1499 2181 1669 2220 Procura-

410 2249 509 2274 torem
531 2248 625 2288 ergo
647 2248 766 2275 verte.
788 2236 1035 2276 Statuendum
1059 2237 1158 2275 enim
1184 2237 1259 2274 hoc
1286 2235 1340 2274 ob
1360 2235 1471 2274 Alex.
1497 2232 1670 2288 praesen-

412 2290 500 2328 tiam
513 2319 523 2334 ,
548 2303 660 2342 quem
688 2290 785 2328 haud
809 2301 952 2329 temere
976 2288 1194 2342 quisquam,
1219 2288 1365 2328 oraculi
1385 2301 1476 2328 cura
1497 2287 1580 2327 aliis
1602 2288 1667 2328 de-

412 2344 605 2389 mandata,
621 2343 788 2382 Romam
808 2342 1023 2394 profestum
1045 2342 1287 2382 existimabit.
1305 2342 1342 2381 Si
1364 2353 1489 2382 tamen
1513 2343 1668 2380 occano-

411 2411 500 2434 mum
515 2398 675 2436 retinere
694 2397 806 2442 velis,
823 2398 989 2449 potuerit
1002 2409 1100 2436 unus
1119 2408 1186 2435 aut
1205 2396 1297 2436 alter
1311 2395 1431 2435 abesse
1443 2427 1454 2444 ,
1474 2407 1541 2447 per
1561 2395 1667 2435 vices

409 2449 565 2502 reliquis
581 2463 720 2490 munus
739 2451 993 2497 obeuntibus,
1010 2451 1049 2489 δι
1072 2449 1288 2501 praesertim
1310 2463 1390 2501 quo
1410 2460 1584 2501 tempore
1603 2448 1660 2488 M.

409 2502 543 2544 Aurel.
563 2504 724 2545 Athenis
744 2505 1070 2554 commorabatur,
1091 2502 1555 2556 Abonoteichitarumque
1576 2514 1666 2542 ora-
