1730 3326
409 227 507 283 452·
610 215 1474 265 'ANNOTATIONES

464 307 538 344 ead.
552 305 574 343 l.
596 317 628 356 5.
647 302 938 356 Ἐξσρχεῖσῧαι)
959 302 1109 342 Profani
1136 305 1200 344 καὶ
1224 305 1389 355 ἀμύητοι
1412 307 1460 345 ab
1490 306 1670 348 omnibus

412 357 524 398 sacris
536 357 774 403 arcebantur,
800 369 869 396 nec
883 357 1044 402 licebat,
1063 355 1091 395 si
1107 359 1294 396 temerarii
1307 359 1344 397 in
1354 361 1599 399 caerimonias
1619 363 1669 400 ir-

412 410 606 463 rupissent,
623 422 682 456 ea,
698 422 796 462 quae
811 409 996 457 viderant,
1013 409 1193 462 vulgare:
1216 411 1309 450 haec
1320 412 1559 464 appellabant
1571 413 1670 465 ἐξορ-

413 465 601 518 χεῖσθαι,
624 476 699 515 qua
719 465 763 503 de
782 476 823 502 re
838 463 1036 502 dicendum
1057 464 1154 502 alibi.
1175 464 1345 503 Bonan.
1368 465 1589 505 Veriflimus
1609 468 1670 507 hic

412 519 522 557 vocis
538 516 674 556 sensus.
695 516 976 562 Vide&‘Avoef3.
991 529 1022 555 c.
1039 531 1098 569 33.
1123 517 1199 556 Hic
1214 530 1425 569 repugnant
1447 520 1620 570 exempla
1643 532 1669 559 a

414 571 528 611 Suida
545 571 582 609 in
598 569 860 622 ἐξορχησάμην
873 569 995 608 allata.
1012 570 1122 608 Unde
1137 571 1261 609 mirari
1274 570 1393 618 subit,
1413 585 1434 610 a
1457 571 1672 612 doctissimo

413 625 558 664 editore
574 636 650 662 non
665 621 931 675 reprehensum
943 623 1095 662 Suidam
1112 624 1164 662 ob
1177 624 1600 676 interpretationem‚ab
1608 638 1670 673 ea,

414 691 530 730 quam
544 678 652 722 vidit,
663 677 759 716 adeo
773 676 1053 715 abhorrentem.
1071 676 1197 715 Locus
1209 689 1335 716 autem
1347 706 1358 723 ‚
1372 691 1486 730 quern
1503 679 1668 730 primum

411 732 544 770 Suidas
555 731 704 770 exhibet
716 742 763 768 ex
781 728 944 780 Synefio
956 759 967 775 ,
986 730 1169 782 petendus
1187 729 1239 768 est
1254 731 1291 768 in
1307 731 1563 778 Herculiano,
1578 729 1673 773 teste

413 784 652 825 Constantini
669 783 827 822 Lexico:
842 795 966 834 neque
979 783 1079 822 enim
1094 782 1186 822 liber
1200 782 1275 834 ipse
1287 784 1334 823 ad
1350 797 1503 824 manum
1516 784 1588 832 est,
1603 797 1672 825 aut

412 838 457 877 sit
474 838 532 885 sit,
547 837 732 880 evolvere
745 836 819 874 alia
831 837 956 888 agenti
971 847 1090 876 vacet.
1106 837 1279 876 Utuntur
1298 838 1411 876 etiam
1428 838 1582 877 Heliod.
1593 839 1674 886 Vl,

413 891 508 931 Plut.
525 904 621 942 1592
638 889 662 928 f.
679 890 717 928 δι
730 890 918 929 Tatianus
937 903 1046 941 p.95.
1066 889 1191 929 Aliter
1206 902 1332 929 tamen
1349 903 1497 930 enarrat
1512 892 1572 930 vir
1584 891 1671 932 sane

413 943 644 985 doctissimus
657 944 702 982 ad
715 943 839 982 Tacit.
856 944 930 981 An.
947 943 999 981 Xl
1011 973 1023 990 ‚
1044 956 1108 989 21,
1125 942 1310 982 Savilium
1324 943 1472 984 secutus
1484 945 1528 983 ad
1540 944 1674 997 Chry,

414 998 526 1038 sosth.
539 999 576 1036 in
587 996 718 1036 Psalm.
736 997 826 1036 Inde
841 1008 966 1035 autem
979 995 1119 1036 factum
1133 996 1186 1036 est
1196 1027 1209 1043 ‚
1232 1008 1274 1036 ut
1288 998 1440 1050 mysteria
1451 999 1605 1051 evulgare
1618 998 1674 1038 st·-

414 1051 620 1104 gnificarit‚
643 1051 731 1103 quia
749 1051 814 1103 qui
832 1049 1046 1089 saltationes
1064 1049 1336 1102 mysteriorum
1355 1063 1486 1090 coram
1500 1053 1673 1092 nondum

414 1106 567 1145 initiatis
583 1104 764 1144 imitando
780 1103 1113 1156 repraesentarent,
1127 1103 1229 1143 foras
1238 1104 1491 1150 eliminarent,
1509 1117 1587 1145 non
1600 1106 1673 1145 mi-

415 1160 555 1198 nimam
572 1157 843 1208 mysteriorum
864 1169 1146 1210 partem‚quae‚
1157 1169 1342 1210 quantum
1356 1159 1543 1198 coniicere
1554 1158 1620 1205 est,
1633 1159 1673 1198 in

416 1211 622 1252 istiusmodi
637 1212 751 1250 rebus
764 1210 916 1250 scenicis
930 1210 998 1250 fita
1016 1213 1134 1250 erant.
1156 1212 1258 1251 Vide
1273 1211 1478 1251 Alexandri
1492 1212 1674 1264 imposto-

418 1266 470 1304 ris
485 1266 590 1304 initia
603 1278 624 1303 a
637 1263 780 1303 Nostro
791 1263 971 1316 descripta
985 1276 1018 1302 c.
1031 1265 1091 1316 38,
1106 1279 1152 1318 39
1162 1265 1202 1304 δι
1211 1279 1274 1313 40.
1287 1265 1467 1304 Fabulam
1479 1265 1584 1318 quasi
1595 1279 1674 1306 mu·-

415 1329 493 1357 tam
508 1320 565 1370 agi
578 1317 777 1366 existimes,
790 1319 828 1356 in
840 1330 918 1370 qua
932 1317 1158 1369 spectatores
1169 1318 1236 1371 ipsi
1251 1319 1392 1359 chorus
1405 1318 1489 1358 sunt
1500 1350 1511 1366 ,
1529 1319 1675 1372 quibus

417 1373 513 1411 adeo
527 1374 566 1411 δι
582 1371 793 1411 canendum
813 1372 853 1410 δι
876 1370 1083 1410 saltandum
1107 1382 1177 1423 pro
1189 1373 1291 1411 virili
1307 1383 1398 1411 erat.
1425 1373 1535 1412 Unde
1557 1373 1673 1412 etiam

416 1425 573 1471 facium,
584 1436 627 1464 ut
639 1425 735 1464 inter
745 1424 949 1464 saltandum
964 1425 1048 1463 data
1058 1438 1177 1477 opera
1190 1424 1312 1464 femur
1323 1426 1403 1465 eius
1418 1426 1601 1465 nudatum
1615 1426 1676 1475 sit,

416 1493 449 1520 c.
467 1494 528 1528 40.
542 1480 700 1519 SOLAN.
714 1479 749 1518 V
757 1478 847 1531 ulgo
859 1478 934 1518 huc
948 1477 1178 1518 referebatur
1192 1479 1382 1531 inscriptio
1392 1479 1579 1518 orationis
1589 1479 1677 1519 Ari-

416 1533 517 1573 stidis
531 1535 632 1571 κατὰ
646 1531 716 1572 τῶν
731 1532 1016 1584 ἑξορχουμένων,
1032 1545 1145 1584 quem
1165 1535 1357 1572 convertit
1376 1531 1580 1581 canterus,
1593 1548 1675 1572 con-

418 1600 471 1626 tra
478 1588 663 1640 proditores
675 1587 900 1645 mysteriorum
911 1615 925 1631 ‚
949 1585 1115 1625 modeste
1133 1586 1191 1626 sed
1213 1585 1327 1626 solide
1341 1585 1527 1626 refutatus
1539 1600 1560 1626 a
1575 1587 1675 1627 Nor-

418 1654 560 1680 manno
573 1655 607 1693 p.
624 1639 696 1690 589
711 1643 811 1693 seqq.
823 1640 928 1679 Iebb.
944 1640 1008 1679 ubi
1023 1640 1170 1679 varium
1185 1641 1299 1680 huius
1311 1639 1417 1680 verbi
1433 1639 1539 1679 usum
1554 1640 1675 1680 decla-

417 1707 486 1737 rat.
504 1694 628 1734 GEsN.
644 1693 763 1733 Κεξὶε
777 1694 939 1733 Solanus
949 1707 1034 1733 cum
1048 1694 1217 1734 Luciano
1228 1695 1296 1743 ait,
1308 1693 1548 1746 ἐξορχεῖσθαι
1563 1693 1676 1746 signi.

418 1748 534 1787 ficare
545 1748 700 1801 mysteria
714 1747 970 1798 evulgare.Vid.
982 1747 1152 1800 Alciphr.
1169 1748 1238 1793 111,
1251 1761 1310 1800 ep.
1321 1761 1372 1798 72
1385 1760 1438 1798 pr.
1452 1749 1506 1785 τὰ
1515 1745 1579 1787 τῆς
1590 1746 1677 1787 5εοῦ

417 1801 451 1841 ἒν
470 1802 648 1841 Ἐλευσῖνι
668 1798 851 1851 μυστήρια
872 1800 1181 1853 ἑξορχησάμενοι,
1201 1804 1262 1841 τὸν
1279 1801 1362 1853 περὶ
1379 1799 1516 1854 ’ψυχῆς
1537 1800 1677 1854 ἀγῶνα.

418 1851 632 1904 ὑπέμειναν.
646 1854 769 1906 Quod
782 1855 904 1906 Bergl.
915 1855 1046 1894 vertit:
1058 1855 1114 1907 qui
1131 1856 1227 1894 Deae
1241 1855 1428 1906 Eleusiniae
1437 1855 1588 1907 mysteria
1596 1868 1676 1906 pro-

411 1908 596 1961 fanarum,
609 1909 751 1963 capitale
762 1909 922 1948 iudicium
925 1909 1163 1960 ficstitzuerunt,
1179 1908 1442 1962 (substituerunt
1451 1909 1608 1955 editum,
1619 1921 1677 1948 er-

415 1976 506 2004 rore
521 1963 820 2016 typographico,
834 1962 980 2015 credo.)
999 1962 1148 2001 Rmz.

472 2021 545 2056 ead.
559 2019 581 2056 ί.
595 2018 629 2057 6.
654 2013 791 2069 Δήλῳ)
821 2016 974 2055 Initium
999 2015 1090 2055 facit
1116 2015 1324 2068 probandi,
1351 2015 1454 2055 nulla
1469 2015 1559 2055 olim
1573 2015 1676 2056 sacra

417 2071 517 2111 fana
537 2067 622 2110 ἄνευ
644 2068 843 2122 ὀρχήσεως.
871 2069 967 2122 Qua
981 2070 1027 2109 de
1038 2082 1078 2109 re
1095 2068 1172 2122 ipse
1192 2071 1228 2108 in
1256 2069 1404 2109 Elench.
1419 2069 1540 2109 Clem.
1561 2070 1677 2110 Alex.

417 2124 607 2177 Protrept.
629 2124 669 2163 δι
689 2124 868 2164 Stromat.
891 2138 924 2162 1.
950 2123 1120 2174 Dionys.
1135 2124 1334 2177 Areopag.
1356 2122 1560 2163 Ecclesiast.
1582 2124 1677 2163 Hie-

417 2191 490 2220 rar.
513 2191 545 2218 c.
565 2193 596 2218 1.
621 2178 765 2217 Laudat
779 2178 881 2217 hunc
895 2176 1198 2217 locumCasaub.
1213 2189 1249 2217 c.
1264 2178 1303 2223 6,
1321 2177 1386 2218 lib.
1404 2191 1465 2226 14,
1482 2176 1610 2218 Anim.
1628 2177 1679 2217 ad

419 2232 563 2273 Athen.
581 2232 753 2271 BouRD.

474 2288 549 2325 ead.
564 2286 588 2324 l.
602 2285 638 2324 8.
652 2285 757 2338 ὛσΗ)
770 2287 839 2325 W.
856 2284 915 2325 Sic
925 2283 1107 2335 Thucyd-
1122 2284 1177 2333 V,
1195 2297 1260 2334 70,
1271 2281 1345 2323 ὑπὸ
1362 2280 1544 2325 adan-15⁹.
1568 2285 1677 2325 Adde

421 2338 604 2379 Nostrum
619 2352 725 2386 c.72,
739 2337 805 2378 ὑπ’
817 2334 943 2378 αὐλοῖς
951 2339 1024 2378 &c.
1040 2339 1083 2377 ln
1096 2338 1176 2378 aliis
1186 2338 1446 2391 pravelegitur
1457 2339 1501 2378 ἑν.
1515 2337 1674 2379 SOLAN.

418 2393 494 2432 Etsi
507 2393 540 2432 ἐν
551 2391 654 2443 adae}
663 2392 809 2433 defendi
824 2391 958 2444 potest,
971 2388 1043 2430 ὑπὸ
1058 2403 1184 2431 tamen
1199 2392 1256 2431 hic
1269 2392 1384 2444 longe
1399 2393 1620 2444 elegantius,
1634 2393 1676 2432 δι

419 2447 508 2487 huic
519 2447 656 2489 actioni
672 2460 786 2499 quam
803 2448 967 2486 maxime
979 2444 1205 2498 appositum.
1221 2445 1336 2485 Conf.
1350 2446 1559 2486 Herodian.
1575 2447 1629 2494 V,
1640 2459 1676 2486 c.

421 2514 458 2554 3,
473 2501 488 2552 §
506 2503 565 2551 16,
576 2499 842 2555 Ἱερουργοῦντοι
857 2499 903 2543 az,
916 2498 1055 2549 τοῦτον,
1067 2500 1149 2552 περὶ
1165 2499 1210 2540 δὲ
1226 2499 1303 2540 τοῖς
1316 2499 1450 2551 βωμοῖς
1467 2499 1677 2553 χορεύοντοι
