1730 3326
201 219 303 265 IN
367 204 1111 265 ALEXANDRUM.
1205 234 1294 278 441

40 313 62 338 -’
96 311 183 364 Pag.
202 310 286 349 118.
302 311 325 349 l.
338 309 565 362 ο..Τοιοῦτον)
582 308 761 361 Ms.Reg.
782 321 852 361 301
865 321 895 346 1.
911 308 1000 347 Edd.
1014 305 1167 346 τοιοῦτο.
1186 308 1303 348 Conf.

43 363 178 404 Reitzii
188 375 269 403 not.
281 364 326 403 ad
339 364 470 403 Herm.
487 377 519 403 c.
539 378 601 416 29,
616 375 700 415 pag.
720 362 832 400 huius
847 363 905 401 ed.
917 361 991 413 388
1010 361 1100 399 Vol.
1114 361 1182 400 1v.

95 421 166 456 ead.
189 418 210 455 l.
228 432 260 469 3.
276 420 340 455 Tou
356 417 568 468 ἐπιτάφιον)
591 416 698 467 Quia
710 416 851 454 Latinis
864 415 1067 465 epitaphium
1086 426 1224 453 neutro
1237 428 1302 467 ge-

44 482 133 509 nere
144 469 269 509 efferri
284 469 303 508 s
301 470 377 509 olet
387 500 398 516 ‚
420 470 574 509 credent
586 470 696 508 etiam
711 469 853 507 tirones
872 471 916 505 το
930 468 1123 513 ἐπιτάφιον
1138 468 1302 507 scriben-

35 524 141 563 dum.
165 522 235 562 Sed
250 522 456 562 masculino
474 535 610 574 genere
622 522 759 562 Graeci
774 531 953 565 utuntur,
975 521 1064 571 quia
1080 522 1302 572 intelligitur

36 581 92 628 ἐι)
103 578 160 615 ὠν.
180 577 270 616 Vid.
284 577 362 616 Bos
374 577 418 615 de
431 575 552 627 Ellips.
569 588 652 629 pag.
666 575 702 615 8.
716 575 786 614 Sed
796 576 837 614 &
848 573 962 627 λόγος
974 573 1190 626 intelligitur
1200 575 1301 614 alibi.

40 629 128 669 Vid.
143 630 254 669 eund.
274 644 308 680 p.
327 630 388 668 81.
407 629 553 668 REITz.

91 685 164 722 ead.
179 684 251 736 l.9.
273 684 341 722 Καὶ
354 681 595 733 προφητικῷ)
618 681 840 720 Alexandro
861 679 1125 719 Pseudomanti
1141 691 1299 720 mortuo

27 735 284 775 'deliberatum
299 735 426 783 fuisse,
443 737 493 775 ait
509 735 660 781 aneior,
675 747 789 786 quem
805 745 1005 786 oporteret
1023 733 1295 785 ὃιοιὲέξοισ-ἓποιι

37 790 281 839 τὶμοιντεὶον,
305 790 367 828 καὶ
392 788 654 837 στεφανωθῆναι
676 788 728 838 τῷ
749 787 977 838 ἱεροφαντικῷ
995 788 1058 826 καὶ
1079 788 1294 838 προφητικκῖ)

5 846 9 852 ’
37 844 247 892 στέμματι.
273 843 332 882 Sic
351 844 452 885 reete
468 843 728 894 antiquiores:
754 841 946 894 sequior-es
962 841 1298 894 praetermiserunt

36 895 100 935 noti
114 896 201 936 illud
215 896 401 936 ultimum.
423 897 529 936 IENS.
550 896 644 935 Illud
658 896 744 941 mi,
767 895 872 947 quod
889 895 979 933 lens.
994 894 1175 941 restituit,
1202 895 1299 934 male

31 948 157 989 abeffe
169 963 192 988 a
205 949 426 1002 quibusdam
442 981 454 999 ‚
475 962 555 989 non
569 960 766 988 annotarat
777 949 953 988 Solanus.
978 948 1050 987 Sed
1069 949 1151 987 edd.
1166 949 1298 988 confe-

0 1039 1 1042 ,
34 1015 119 1042 rens
129 1005 324 1055 cognovi,
340 1004 375 1042 id
387 1004 489 1044 reeie
501 1002 620 1043 adeffe
633 1004 671 1041 in
686 1002 866 1042 omnibus
876 1030 887 1047 ,
910 1011 1070 1053 excepta
1091 1001 1168 1041 sola
1183 1003 1290 1040 Salm.

0 1091 1 1098 ,
34 1068 120 1095 nam
138 1058 244 1109 quod
256 1057 295 1096 &
308 1057 400 1096 absit
415 1058 462 1097 ab
475 1059 585 1104 Amsl.
599 1056 648 1095 nil
662 1056 800 1095 mirum
811 1086 826 1102 ‚
845 1056 936 1109 quia
951 1055 1045 1095 haec
1067 1055 1169 1094 illam
1182 1068 1300 1096 caeco

28 1108 178 1163 semper
199 1110 314 1150 duflu
329 1110 508 1164 sequitur.
536 1110 683 1149 REITz.

86 1167 158 1203 ead.
172 1164 194 1201 l.
214 1177 272 1203 10.
288 1165 498 1216 nomasnc)
511 1163 586 1203 Etfi
597 1163 736 1210 nescio,
749 1176 824 1216 qua
834 1162 1059 1202 auctoritate
1073 1162 1298 1203 Salmurien-

31 1215 78 1256 fis
92 1218 147 1256 ed.
160 1217 196 1256 id
209 1218 382 1257 exhibeat
394 1218 441 1257 ab
455 1218 634 1258 omnibus
648 1216 778 1270 priscis
790 1217 869 1256 edd.
883 1217 1064 1257 recedens
1077 1247 1088 1262 ,
1107 1230 1207 1270 quae
1227 1233 1296 1257 πο-

30 1271 135 1310 λίτης
149 1270 312 1319 habent3
327 1282 455 1311 tamen
471 1272 551 1310 eius
564 1271 764 1310 leffionem
779 1271 940 1310 retinere
956 1271 1085 1315 malui,
1099 1284 1215 1323 quam
1227 1287 1296 1310 πο-

0 1316 1 1380 ]
29 1325 134 1365 λίτης
144 1325 350 1374 restituere,
361 1325 468 1378 quod
484 1326 528 1364 ad
540 1324 684 1364 sensum
700 1324 804 1364 nihili
819 1325 877 1364 hic
895 1324 958 1363 est.
982 1325 1174 1364 Medicum
1190 1326 1294 1364 enim

0 1417 1 1424 χ
27 1376 152 1418 senem
177 1379 237 1418 hic
258 1379 448 1426 denotari,
467 1391 515 1418 ex
534 1379 654 1417 statim
674 1377 920 1432 sequentibus
939 1391 1061 1438 aeqpe
1084 1391 1127 1419 ac
1141 1391 1297 1431 praece-

30 1431 202 1471 dentibus
213 1443 330 1485 patet,
349 1433 389 1472 &
406 1432 540 1473 ficiam
552 1431 745 1472 Erasmum
767 1431 890 1484 legiffe
905 1431 1122 1471 veronmile
1133 1433 1201 1479 est,
1223 1433 1292 1485 qui

26 1497 134 1524 tanus
152 1487 281 1532 vertit,
298 1498 340 1525 ut
359 1486 412 1526 est
425 1488 463 1526 in
476 1486 650 1534 Parifimt,
669 1486 754 1525 licet
767 1487 897 1526 eadem
911 1486 949 1524 in
960 1485 1116 1525 Graecis
1135 1487 1294 1525 πολίτης

0 1557 1 1562 ’
28 1540 214 1579 exhibeat.
238 1541 371 1579 Facilis
383 1551 509 1580 autem
529 1551 608 1579 erat
619 1553 727 1579 error
740 1541 778 1578 in
794 1551 894 1578 voce
911 1540 1036 1578 minus
1051 1539 1220 1591 vulgari,
1251 1541 1292 1579 δι

24 1593 146 1632 'modo
159 1606 231 1645 pro
243 1593 434 1633 πολιώὸης
448 1607 550 1633 unus
563 1593 681 1633 scriba
692 1593 833 1632 dederit
846 1589 1045 1638 πολιηὲης,
1058 1593 1150 1632 alter
1161 1594 1196 1631 id
1209 1606 1289 1632 non

23 1646 238 1699 intelligens
258 1647 464 1687 neceffario
486 1647 642 1687 credidit
661 1645 858 1692 πολιήτης,
879 1646 984 1698 quod
1012 1647 1165 1696 poetice
1188 1647 1289 1687 idem

23 1699 81 1740 'est
91 1731 101 1748 ,
113 1713 157 1740 ac
167 1701 339 1749 πολίτης,
354 1701 623 1753 corrigendum
637 1731 647 1747 ,
659 1701 760 1739 unde
775 1700 975 1752 sequentes
985 1699 1182 1739 dialectum
1196 1704 1288 1753 poe-

21 1753 137 1794 ticam
151 1753 364 1794 auferentes
375 1755 466 1794 nihil
479 1755 592 1802 aliud,
603 1767 718 1807 quam
731 1755 900 1800 πολίτης,
913 1754 1000 1794 dare
1013 1765 1200 1806 poterant.
1215 1754 1287 1794 Sed

23 1806 149 1860 'potest
160 1817 285 1848 tamen
295 1808 488 1855 ἅπολΐος,
497 1808 630 1848 ultima
642 1821 714 1860 pro
727 1821 837 1847 more
849 1820 915 1860 per
924 1809 1190 1860 compendium
1203 1822 1290 1848 exa-

21 1871 104 1901 'rata
114 1891 128 1908 ,
139 1861 314 1914 scriptum
329 1862 436 1902 fuisse
447 1893 456 1911 ,
469 1863 568 1902 unde
579 1863 662 1914 quis
675 1875 755 1901 uno
769 1861 863 1901 saltu
876 1862 1197 1910 πολίτηςὲεςεετίη
1221 1876 1288 1902 ve·

20 1924 109 1956 'rum
129 1928 216 1956 cum
233 1916 353 1955 statim
366 1915 487 1964 πολιῷ
499 1914 690 1968 sequatur,
702 1916 828 1955 malim
844 1915 1058 1956 orationem
1074 1917 1230 1964 variari,
1243 1917 1284 1956 δι

26 1981 164 2009 vocem
180 1970 365 2009 rariorem
377 1969 618 2016 conservari,
636 1971 846 2009 dummodo
864 1969 985 2009 Codd.
1000 1970 1207 2008 auctoritas
1221 1984 1284 2009 ac.

24 2021 142 2063 cedat.
161 2022 279 2063 Deest
290 2023 480 2063 oroascbsm
491 2024 529 2062 in
544 2023 694 2063 Lexicis
703 2023 943 2076 vulgaribus,
954 2022 1014 2062 sed
1030 2024 1143 2063 habet
1154 2024 1284 2077 Steph.

25 2089 141 2117 unum
157 2077 239 2117 eius
253 2077 414 2130 exempl.
429 2077 538 2117 Plura
550 2078 720 2117 nondum
735 2078 944 2126 annotavi,
958 2077 1065 2131 quod
1079 2090 1157 2117 non
1172 2091 1283 2131 prae-

22 2131 189 2171 viderem
204 2130 274 2171 usu
287 2143 459 2170 ventura.
480 2131 627 2171 Rnrz·

76 2188 149 2224 ead.
171 2186 195 2224 l.
215 2199 270 2224 12.
295 2180 400 2235 Αὗτῷ
410 2185 499 2238 την)
520 2186 621 2238 Lege
640 2183 753 2235 αὑτῷ,
779 2184 946 2224 GUYET.
972 2182 1103 2238 Αὐτῷ)
1129 2185 1279 2237 Nempe

22 2237 89 2279 sub
98 2239 196 2277 illius
208 2239 366 2278 nomine
376 2239 593 2280 continuari
605 2239 745 2284 voluit,
755 2251 796 2278 ut
807 2240 845 2277 in
855 2239 1091 2291 Amphiarai,
1100 2239 1182 2278 Tro
1189 2240 1282 2290 pho-

21 2291 85 2339 nii,
98 2292 258 2332 Branchi
273 2293 437 2331 oraculis
452 2292 592 2332 facium
610 2292 674 2332 est.
700 2293 756 2332 Ita
775 2305 877 2333 nunc
894 2292 996 2332 malo
1008 2323 1018 2338 ,
1043 2306 1157 2345 quam
1171 2290 1276 2342 αὐτῷ

21 2345 164 2397 legere,
190 2346 294 2398 quod
316 2347 524 2400 aliquando
544 2347 734 2398 placebat,
751 2347 792 2387 δε
812 2346 952 2386 referre
967 2346 1012 2385 ad
1027 2347 1277 2388 Rutilianum.

20 2399 154 2452 Neque
168 2401 269 2438 enim
281 2400 401 2440 ullum
413 2399 466 2439 est
480 2402 514 2440 ei
530 2400 733 2453 suspicioni
746 2399 1047 2440 fundamentum.
1073 2401 1201 2440 Gtsu.

0 2460 1 2465 ’
71 2457 142 2492 ead.
153 2454 176 2492 l.
193 2455 252 2494 16.
265 2456 484 2504 Θαυμάσας
498 2453 596 2508 ἔχω)
610 2455 719 2494 Iubet
729 2454 856 2493 Solan.
870 2453 1046 2494 conferre
1056 2454 1158 2493 Dial.
1171 2455 1271 2493 Mar.

0 2533 1 2566 i
21 2505 62 2555 Ι,
82 2506 278 2557 &Dem.§
298 2522 358 2561 32.
379 2508 434 2548 At
455 2509 584 2563 priore
597 2508 688 2550 loco
707 2509 830 2563 legas,
845 2509 980 2549 καίτοι
999 2508 1038 2548 τί
1054 2510 1149 2550 σολλο
1170 2507 1201 2548 ἒν
1217 2508 1274 2548 σοὶ

0 2587 7 2621 ll
