1730 3326
375 183 1078 248 1NAMo'REs:
1257 200 1352 266 5851

87 291 147 331 xis
158 290 291 332 Latina
301 321 315 338 ‚
327 291 400 331 alia
416 291 579 331 Graeca.
593 291 832 331 Vertendum
846 289 915 330 fuit
925 320 937 336 ‚
951 305 1053 342 neque
1063 288 1147 328 em'm
1160 293 1353 343 quaficond

88 347 193 383 traria
205 346 337 397 loquens
350 346 406 391 iis,
422 361 504 398 quae
517 346 619 384 dicere
633 358 703 383 erat
715 344 896 397 aggreffics.
911 343 1063 395 Integra
1089 342 1212 382 suillet
1225 343 1352 384 Grae-

88 410 135 438 ca
152 399 298 437 locutio
309 429 321 445 ,
334 399 482 437 ἑνοιντία.
496 397 754 451 φθεγγὸμενος
775 399 932 445 τούτοις,
947 396 975 435 ἃ.
996 395 1086 449 (vel
1100 398 1213 436 etiam
1228 394 1293 442 οἷς,
1308 409 1354 437 ut

87 462 208 490 notus
219 451 271 490 est
285 451 530 491 Graecorum
544 451 646 502 mos)
660 452 847 503 ἐπεχείρει
862 452 935 502 λε”γ
943 465 1003 489 ειν.
1018 449 1230 502 Ellipticam
1245 450 1351 490 issam

87 504 268 556 loquendi
281 507 467 544 rationem
483 504 777 557 frequentissime
789 517 915 543 amant
928 504 1086 544 Graeci:
1101 503 1151 543 fic
1162 503 1298 543 Noster
1311 505 1353 544 in

90 554 290 597 Revivisc.
306 571 338 597 c.
358 572 404 607 14
418 557 443 597 f.
455 554 502 598 ὦς
515 555 673 609 ὑπόσχῃ
688 559 752 598 τὴν
768 558 877 608 ἀξίαν
893 553 937 596 ὧν
952 557 1105 609 ἐ’ἓραιιε,
1117 559 1284 608 utsubeat
1299 559 1356 596 di-

88 624 191 663 gnam
202 627 342 664 poenam
356 627 466 651 eorum
476 643 487 660 ‚
503 627 587 664 quae
591 611 686 663 fecit.
701 612 745 650 In
759 612 936 650 Hermot.
955 623 1038 661 cap.
1053 624 1069 661 5
1074 624 1095 665 3
1115 609 1138 648 f.
1157 608 1194 648 οὗ
1212 625 1355 661 μνημο-

91 664 204 703 νεύεις
220 662 266 704 ἑὲἷν
281 664 376 714 ἔφυν.
392 665 435 704 In
449 665 577 705 Sacrif.
597 661 701 704 023st
717 665 855 715 ἀμισὲῐὶ
867 662 1046 711 ποιοῦσιν,
1060 661 1105 703 ὦν
1118 662 1290 703 ποιοῦσιν.
1308 665 1353 703 In

89 717 338 759 Prometheus
353 732 393 759 es
405 720 445 758 in
469 718 617 764 verbis,
633 718 846 769 ἐμμενετέον
859 714 911 756 οἷς
924 715 1038 768 ἅπαξ
1054 717 1282 768 προειλόμην.
1296 718 1356 757 Α-

89 771 324 824 ristophanes
340 774 375 810 in
392 772 503 812 Pluto
513 772 641 823 ,Ἔχω
652 773 716 812 τίν’
728 772 878 824 ἀγαθὴν
891 770 1055 817 ἐλπίδα,
1072 770 1112 822 ἐξ
1128 766 1172 809 ὧν
1185 771 1268 810 εἰπέ
1276 785 1354 820 μοι.

90 823 280 866 Isocrates
291 826 329 864 in
340 825 632 872 Panathenaico,
644 825 673 865 εἰ
686 826 791 865 τέλος
805 824 991 870 ἐπέθηκεν,
1003 821 1050 864 οἷς
1068 822 1225 864 ἓιενοῆθη
1239 826 1359 875 πρόιτ·

89 893 178 918 τειν.
194 879 283 918 Fuit
303 892 391 920 cum
411 880 505 919 haec
520 879 709 918 concinna
722 878 762 917 &
779 877 969 918 succin&a
989 878 1228 917 Graecorum
1244 878 1356 917 locu-

90 932 148 971 tio
169 931 293 972 fraudi
309 932 398 973 effet
418 934 468 972 H.
488 933 692 985 Stephano.
709 932 806 971 Nam
823 945 910 971 cum
933 931 1034 983 apud
1051 932 1259 970 Herodian.
1281 944 1316 970 c.
1330 945 1357 981 4

92 985 251 1026 Marcus
269 987 341 1033 ait,
354 982 573 1037 ’Άχθεσῖᾶοιι
587 985 656 1036 μὲν
677 984 777 1036 ὑμᾶς
791 985 842 1032 ἐφ’
855 981 906 1024 οἷς
927 983 1033 1036 ὁρᾶτέ
1049 999 1099 1032 με
1114 985 1359 1032 διακείμενον,

92 1042 320 1089 θαυμαστὸν
336 1038 449 1079 οὐδέν·
465 1039 621 1079 volebat
640 1040 691 1079 H.
712 1039 927 1091 Stephanus
942 1037 1117 1078 excidisse
1132 1034 1225 1076 οὕτω
1241 1034 1360 1099 [ρῦτω

90 1092 340 1148 ὃιιικείμενον]
356 1093 397 1134 δι
409 1094 460 1143 ἐφ’
473 1090 524 1132 οἷς
537 1092 646 1146 ὁρᾶτέ
655 1107 703 1143 με
718 1092 791 1132 effe
805 1093 900 1131 idem
912 1122 924 1137 ‚
938 1093 1043 1145 quod
1057 1090 1118 1130 ἐπὶ
1134 1090 1186 1140 τῷ
1199 1091 1279 1143 ὅροιν
1292 1105 1359 1141 μετ

90 1145 162 1185 Sed
178 1147 276 1186 hanc
290 1147 399 1187 crism
418 1147 467 1187 ab
487 1148 562 1187 hoc
582 1146 671 1186 loco
694 1146 950 1185 abstinentiam
972 1143 1069 1190 effe,
1082 1143 1193 1184 do&e
1206 1145 1359 1184 monuit

91 1199 189 1239 Tan.
206 1200 328 1240 Faber
343 1203 382 1239 in
403 1200 558 1252 epistola
572 1199 637 1239 sua
651 1200 861 1239 Herodiani
879 1200 1034 1238 editioni
1050 1199 1207 1249 ulti-mae
1223 1197 1361 1251 praefi-

90 1266 163 1300 xa,
178 1254 320 1294 docens
331 1285 340 1300 ‚
355 1253 554 1308 diffisa-&at
568 1253 625 1302 ἐφ’
641 1249 691 1292 οἷς
705 1252 810 1307 ὁρᾶτέ
820 1267 870 1302 με
883 1253 1112 1302 διακείμενον
1128 1251 1292 1304 positum
1306 1251 1360 1292 es-

90 1307 128 1346 se
143 1321 212 1359 pro
225 1307 425 1359 ἐέχθεσὲιοιι
441 1307 502 1348 ἐπ’
513 1308 668 1353 ἐκείνοις,
681 1308 714 1347 ἐν
728 1304 780 1346 οἷς
797 1306 902 1359 ὁρᾶτέ
917 1322 967 1356 με
984 1305 1226 1355 διακείμενον.
1243 1306 1361 1345 Cete-

90 1373 178 1401 rum
193 1362 289 1401 adeo
300 1361 476 1415 religiose
490 1360 697 1401 observant
712 1361 810 1400 hanc
824 1360 1003 1413 loquendi
1017 1360 1202 1399 rationem
1215 1360 1361 1412 elegan-

90 1416 207 1454 tiores
221 1415 386 1462 Graeci,
403 1427 443 1455 ut
456 1417 569 1455 etiam
583 1415 610 1454 sl
626 1415 844 1467 insequatur
857 1415 1020 1454 verbum
1031 1445 1042 1462 ,
1057 1414 1280 1465 ceteroquin
1298 1426 1361 1466 ge-

89 1469 252 1508 nitivum
268 1470 436 1509 aliumve
449 1469 575 1509 casum
592 1468 805 1520 postulans,
826 1468 922 1507 illius
941 1468 1211 1506 tantummodo
1225 1467 1362 1513 casus,'

88 1523 156 1574 qui
170 1534 323 1574 regatur
338 1537 358 1562 a
373 1525 610 1575 praecedenti
622 1523 744 1561 verbo
755 1554 765 1571 ,
781 1523 963 1561 rationem
979 1522 1153 1560 habeant.
1167 1520 1230 1560 Sic
1244 1521 1281 1559 in
1295 1534 1361 1560 ve-

91 1577 164 1616 teri
179 1578 388 1628 proverbio
403 1579 502 1629 apud
517 1576 748 1616 Scholiasten
766 1576 964 1616 Theocriti
983 1577 1028 1614 ad
1043 1575 1124 1613 Eid.
1145 1575 1182 1613 X
1194 1605 1205 1619 ,
1221 1587 1260 1614 v.
1282 1575 1333 1625 96
1346 1605 1360 1621 ‚

90 1627 194 1683 ἔχεις
211 1628 309 1681 ἄπες)
325 1631 532 1680 ἐπεθύμεις,
543 1632 614 1670 voti
626 1629 881 1682 compossaHus
895 1644 942 1668 es.
960 1629 1109 1668 Notum
1125 1627 1178 1666 est
1190 1659 1201 1674 ,
1217 1630 1260 1667 ‘rb
1277 1629 1361 1667 ἐπι-

93 1683 213 1733 θυμεῖν
227 1683 304 1723 fere
315 1683 463 1736 semper
473 1697 564 1724 cum
580 1683 747 1724 secundo
762 1683 847 1723 casu
861 1682 1040 1722 construi.
1055 1682 1112 1721 Ita
1124 1682 1165 1721 &
1177 1682 1276 1734 apud
1290 1682 1360 1722 So-

90 1738 266 1791 phoclem
277 1768 288 1784 ‚
302 1738 434 1783 οιίτεῖς,
454 1737 481 1777 ὁὶ
495 1737 616 1788 τεύξῃ·
633 1751 706 1790 pro
722 1737 843 1776 αἰτεῖς
857 1736 990 1776 ταῦτα
1001 1767 1013 1782 ,
1027 1733 1071 1775 ὧν
1085 1736 1214 1787 τεύξῃ,
1228 1749 1362 1788 rogas,

92 1805 194 1844 quae
214 1791 464 1845 consequeris.
481 1793 571 1831 Hoc
587 1790 789 1844 Sophoclis
801 1791 948 1830 adducit
958 1789 1092 1829 suidas
1106 1791 1144 1828 in
1160 1794 1210 1835 A,
1227 1790 1361 1829 osten-

93 1847 182 1885 dere
209 1846 346 1886 volens
357 1876 369 1892 ,
392 1849 435 1884 το
460 1844 487 1884 ἓὶ
503 1846 738 1898 quandoque
758 1858 829 1897 pro
851 1840 897 1884 ὧν
925 1845 1030 1896 poni.
1053 1844 1123 1883 Sed
1142 1842 1316 1897 profe6io
1330 1843 1359 1883 ἑὲ

92 1898 144 1941 stc
157 1912 235 1938 non
253 1900 371 1952 magis
392 1912 463 1951 pro
477 1895 536 1946 ε’ἱῖν,
552 1912 667 1952 quam
683 1912 755 1951 pro
770 1896 821 1937 οῖς
839 1899 931 1951 poni
944 1897 1087 1950 potest,
1103 1898 1168 1936 ubi
1183 1898 1282 1937 ratio
1300 1898 1361 1936 lo-

91 1953 233 2006 quendi
254 1953 305 1993 ita
328 1953 421 1993 fert:
446 1953 559 2006 idque
578 1953 783 2004 aliquando
806 1952 910 1998 fieri,
933 1951 1112 2004 exemplo
1127 1952 1264 1991 doceat
1281 1950 1363 2003 ipse

94 2007 287 2048 Lucianus
298 2038 310 2054 ,
323 2008 424 2060 apud
441 2021 554 2060 quem
571 2008 609 2045 in
622 2008 883 2057 Necyomant.
895 2019 927 2045 c.
944 2019 957 2044 1
967 2008 990 2045 6
1006 2006 1101 2044 med.
1114 2006 1228 2057 legas,
1241 2002 1317 2056 οὐχ
1331 2004 1361 2044 δὲ,

93 2062 183 2112 πρὸς
195 2063 319 2114 ὀλίγον
331 2058 543 2114 ἐχρήσαντο
558 2060 826 2106 hosanna
842 2073 912 2112 pro
925 2056 990 2099 οὐκ
1001 2059 1253 2098 ἀποὲιὸὁντες
1267 2057 1360 2097 ταῦ-

94 2130 146 2155 τα
157 2145 169 2162 ,
188 2111 239 2155 οἷς
261 2117 353 2164 πρὶς
366 2115 492 2168 ὀλίγον
512 2113 738 2166 ἐχρήσαντο.
752 2114 810 2153 Ex
830 2114 887 2152 his
911 2113 1008 2152 male
1021 2111 1186 2164 Dionys.
1199 2112 1358 2152 Voffius

95 2169 141 2208 ad
156 2167 329 2208 Caesaris
351 2169 403 2208 ΠΙ
419 2171 466 2207 de
486 2169 527 2207 Β.
541 2169 591 2209 G.
607 2182 639 2207 c.
656 2183 724 2217 24,
741 2167 896 2220 cOrrigit
907 2166 1101 2206 Graecum
1119 2166 1293 2205 Caesaris
1306 2167 1361 2205 in<

93 2233 210 2274 terpr.
222 2235 294 2275 pro
309 2223 372 2261 καὶ
388 2221 411 2262 {i
422 2223 535 2273 φόβου
548 2221 734 2273 παρεῖχον
749 2222 839 2272 ὃὸξᾈ
855 2222 983 2274 legens
997 2220 1060 2259 καὶ
1075 2221 1112 2261 ἣν
1123 2220 1197 2259 &c.
1211 2220 1317 2259 IENS.

147 2277 225 2316 ibid¹
252 2274 318 2315 Οῖς
334 2276 555 2329 ἐπεχείρει)
571 2276 782 2328 Vulgarem
805 2276 901 2314 hanc
922 2274 1065 2325 ellipsin
1087 2274 1210 2313 obiter
1230 2274 1361 2328 attigi⁴

95 2343 182 2371 mus
195 2330 240 2369 ad
254 2331 397 2370 Astrol.
412 2343 444 2370 c.
463 2343 496 2379 1,
509 2340 707 2381 μεμφομαι
720 2329 842 2368 ὁκόσοι
857 2329 968 2375 σοφοί.
981 2328 1127 2367 REITZ.

148 2385 222 2424 ead.
243 2385 265 2423 l.
284 2379 550 2437 3.'‘Enmvr⁷sv)
572 2384 664 2422 Non
687 2396 843 2422 vererer
866 2392 1018 2421 vertere
1039 2380 1270 2433 abscondidit,
1287 2379 1356 2422 etsi

93 2437 248 2490 proprie
269 2437 312 2476 sit
318 2437 514 2489 subtraxit,
530 2437 605 2476 scil.
621 2437 872 2477 audientibus.
893 2437 991 2475 Nam
1007 2439 1183 2474 κλέπτειν
1205 2435 1359 2485 elegan-

92 2503 151 2538 ter
172 2493 248 2532 dici
268 2493 313 2533 de
330 2493 394 2542 iis,
409 2493 477 2546 qui
498 2491 597 2537 clam
619 2491 761 2545 aliquid
779 2502 920 2544 agunt,
941 2489 969 2529 si
983 2502 1065 2530 non
1088 2488 1173 2529 satis
1194 2500 1329 2529 notum
1341 2498 1361 2539 ³·
