<?xml version="1.0" encoding="UTF-8"?>
<!DOCTYPE html PUBLIC "-//W3C//DTD XHTML 1.0 Transitional//EN"
    "http://www.w3.org/TR/xhtml1/DTD/xhtml1-transitional.dtd">
<html xmlns="http://www.w3.org/1999/xhtml" xml:lang="en" lang="en">
 <head>
  <title>
</title>
<meta http-equiv="Content-Type" content="text/html;charset=utf-8" />
  <meta name='ocr-system' content='tesseract 3.04.00' />
  <meta name='ocr-capabilities' content='ocr_page ocr_carea ocr_par ocr_line ocrx_word'/>
</head>
<body>
  <div class='ocr_page' id='page_1' title='image "./operagraeceetlat05luciuoft/operagraeceetlat05luciuoft_0524.png"; bbox 0 0 1730 3326; ppageno 0'>
   <div class='ocr_carea' id='block_1_1' title="bbox 384 183 1448 254">
    <p class='ocr_par' dir='ltr' id='par_1_1' title="bbox 384 183 1448 254">
     <span class='ocr_line' id='line_1_1' title="bbox 384 183 1448 254; baseline -0.001 -18"><span class='ocrx_word' id='word_1_1' title='bbox 384 205 474 254; x_wconf 83' lang='lat'>514</span> <span class='ocrx_word' id='word_1_2' title='bbox 578 183 1448 236; x_wconf 71' lang='lat' dir='ltr'>ANNOTATIONES</span> 
     </span>
    </p>
   </div>
   <div class='ocr_carea' id='block_1_2' title="bbox 376 274 1698 2532">
    <p class='ocr_par' dir='ltr' id='par_1_2' title="bbox 379 274 1650 491">
     <span class='ocr_line' id='line_1_2' title="bbox 380 274 1650 325; baseline 0 -8"><span class='ocrx_word' id='word_1_3' title='bbox 380 278 535 317; x_wconf 87' lang='lat' dir='ltr'>tinebat.</span> <span class='ocrx_word' id='word_1_4' title='bbox 560 277 651 317; x_wconf 87' lang='lat' dir='ltr'>Vid.</span> <span class='ocrx_word' id='word_1_5' title='bbox 665 289 745 317; x_wconf 82' lang='lat' dir='ltr'>nor.</span> <span class='ocrx_word' id='word_1_6' title='bbox 762 275 1164 316; x_wconf 85' lang='lat' dir='ltr'>Hemst.ad1ud.voc.</span> <span class='ocrx_word' id='word_1_7' title='bbox 1189 289 1222 316; x_wconf 89' lang='lat' dir='ltr'>c.</span> <span class='ocrx_word' id='word_1_8' title='bbox 1237 289 1275 325; x_wconf 92' lang='lat'>7.</span> <span class='ocrx_word' id='word_1_9' title='bbox 1302 276 1407 316; x_wconf 87' lang='lat' dir='ltr'>Alibi</span> <span class='ocrx_word' id='word_1_10' title='bbox 1422 288 1519 316; x_wconf 88' lang='lat' dir='ltr'>vero</span> <span class='ocrx_word' id='word_1_11' title='bbox 1531 274 1650 317; x_wconf 87' lang='lat' dir='ltr'>modo</span> 
     </span>
     <span class='ocr_line' id='line_1_3' title="bbox 380 328 1650 383; baseline 0.001 -15"><span class='ocrx_word' id='word_1_12' title='bbox 380 330 565 383; x_wconf 59' lang='grc' dir='ltr'>γλῶσσαι,</span> <span class='ocrx_word' id='word_1_13' title='bbox 581 331 697 370; x_wconf 87' lang='lat' dir='ltr'>modo</span> <span class='ocrx_word' id='word_1_14' title='bbox 711 330 882 382; x_wconf 60' lang='grc' dir='ltr'>γλῶτται</span> <span class='ocrx_word' id='word_1_15' title='bbox 899 328 1074 369; x_wconf 85' lang='lat' dir='ltr'>scribitur</span> <span class='ocrx_word' id='word_1_16' title='bbox 1088 330 1187 382; x_wconf 89' lang='lat' dir='ltr'>apud</span> <span class='ocrx_word' id='word_1_17' title='bbox 1203 329 1385 369; x_wconf 86' lang='lat' dir='ltr'>Nostrum</span> <span class='ocrx_word' id='word_1_18' title='bbox 1396 360 1408 377; x_wconf 94' lang='lat'>‚</span> <span class='ocrx_word' id='word_1_19' title='bbox 1432 330 1470 368; x_wconf 90' lang='lat' dir='ltr'>in</span> <span class='ocrx_word' id='word_1_20' title='bbox 1484 342 1564 370; x_wconf 90' lang='lat' dir='ltr'>uno</span> <span class='ocrx_word' id='word_1_21' title='bbox 1579 342 1650 369; x_wconf 89' lang='lat' dir='ltr'>eo·</span> 
     </span>
     <span class='ocr_line' id='line_1_4' title="bbox 379 382 1650 437; baseline 0.001 -14"><span class='ocrx_word' id='word_1_22' title='bbox 379 386 543 437; x_wconf 85' lang='lat' dir='ltr'>demque</span> <span class='ocrx_word' id='word_1_23' title='bbox 555 385 683 437; x_wconf 88' lang='lat' dir='ltr'>capite</span> <span class='ocrx_word' id='word_1_24' title='bbox 695 414 708 430; x_wconf 92' lang='lat'>,</span> <span class='ocrx_word' id='word_1_25' title='bbox 731 394 775 423; x_wconf 90' lang='lat' dir='ltr'>ut</span> <span class='ocrx_word' id='word_1_26' title='bbox 796 384 874 422; x_wconf 88' lang='lat' dir='ltr'>vid.</span> <span class='ocrx_word' id='word_1_27' title='bbox 889 384 925 422; x_wconf 91' lang='lat' dir='ltr'>in</span> <span class='ocrx_word' id='word_1_28' title='bbox 940 382 1110 422; x_wconf 85' lang='lat' dir='ltr'>Pseudol.</span> <span class='ocrx_word' id='word_1_29' title='bbox 1127 395 1160 422; x_wconf 91' lang='lat' dir='ltr'>c.</span> <span class='ocrx_word' id='word_1_30' title='bbox 1183 395 1229 434; x_wconf 87' lang='lat'>25</span> <span class='ocrx_word' id='word_1_31' title='bbox 1249 382 1273 422; x_wconf 84' lang='lat' dir='ltr'>f.</span> <span class='ocrx_word' id='word_1_32' title='bbox 1289 384 1331 423; x_wconf 84' lang='lat'>&amp;</span> <span class='ocrx_word' id='word_1_33' title='bbox 1351 385 1399 422; x_wconf 88' lang='lat'>26</span> <span class='ocrx_word' id='word_1_34' title='bbox 1414 396 1469 436; x_wconf 89' lang='lat' dir='ltr'>pr.</span> <span class='ocrx_word' id='word_1_35' title='bbox 1482 384 1522 424; x_wconf 73' lang='grc' dir='ltr'>δι</span> <span class='ocrx_word' id='word_1_36' title='bbox 1535 383 1650 424; x_wconf 75' lang='lat' dir='ltr'>Rhet-</span> 
     </span>
     <span class='ocr_line' id='line_1_5' title="bbox 380 435 1433 491; baseline -0.004 -13"><span class='ocrx_word' id='word_1_37' title='bbox 380 451 504 491; x_wconf 79' lang='lat' dir='ltr'>praec.</span> <span class='ocrx_word' id='word_1_38' title='bbox 518 451 549 477; x_wconf 91' lang='lat' dir='ltr'>c.</span> <span class='ocrx_word' id='word_1_39' title='bbox 568 452 581 476; x_wconf 80' lang='grc' dir='ltr'>ι</span> <span class='ocrx_word' id='word_1_40' title='bbox 591 440 630 483; x_wconf 82' lang='lat'>6,</span> <span class='ocrx_word' id='word_1_41' title='bbox 644 438 710 477; x_wconf 91' lang='lat' dir='ltr'>ubi</span> <span class='ocrx_word' id='word_1_42' title='bbox 721 437 914 490; x_wconf 64' lang='grc' dir='ltr'><strong>γλώττης·</strong></span> <span class='ocrx_word' id='word_1_43' title='bbox 932 447 974 475; x_wconf 88' lang='lat' dir='ltr'>ut</span> <span class='ocrx_word' id='word_1_44' title='bbox 987 435 1058 475; x_wconf 88' lang='lat' dir='ltr'>alia</span> <span class='ocrx_word' id='word_1_45' title='bbox 1069 437 1260 475; x_wconf 87' lang='lat' dir='ltr'>omittam.</span> <span class='ocrx_word' id='word_1_46' title='bbox 1287 436 1433 475; x_wconf 78' lang='lat' dir='ltr'>Rmz.</span> 
     </span>
    </p>

    <p class='ocr_par' dir='ltr' id='par_1_3' title="bbox 377 489 1652 862">
     <span class='ocr_line' id='line_1_6' title="bbox 435 489 1651 544; baseline 0 -14"><span class='ocrx_word' id='word_1_47' title='bbox 435 493 523 544; x_wconf 74' lang='lat' dir='ltr'>Pag.</span> <span class='ocrx_word' id='word_1_48' title='bbox 542 491 626 543; x_wconf 60' lang='lat'>298·</span> <span class='ocrx_word' id='word_1_49' title='bbox 643 491 665 529; x_wconf 90' lang='lat' dir='ltr'>l.</span> <span class='ocrx_word' id='word_1_50' title='bbox 682 505 719 540; x_wconf 93' lang='lat'>7.</span> <span class='ocrx_word' id='word_1_51' title='bbox 740 491 848 538; x_wconf 72' lang='grc' dir='ltr'>Ῥᾴων</span> <span class='ocrx_word' id='word_1_52' title='bbox 866 489 948 542; x_wconf 72' lang='grc' dir='ltr'>ἔσῃ)</span> <span class='ocrx_word' id='word_1_53' title='bbox 972 490 1206 529; x_wconf 85' lang='lat' dir='ltr'>Vertebatur</span> <span class='ocrx_word' id='word_1_54' title='bbox 1232 489 1345 538; x_wconf 90' lang='lat' dir='ltr'>olim,</span> <span class='ocrx_word' id='word_1_55' title='bbox 1367 490 1478 529; x_wconf 83' lang='lat' dir='ltr'>minus</span> <span class='ocrx_word' id='word_1_56' title='bbox 1502 489 1651 542; x_wconf 60' lang='lat' dir='ltr'>difficilis</span> 
     </span>
     <span class='ocr_line' id='line_1_7' title="bbox 379 541 1649 596; baseline 0 -12"><span class='ocrx_word' id='word_1_57' title='bbox 379 546 457 591; x_wconf 72' lang='lat' dir='ltr'>eris,</span> <span class='ocrx_word' id='word_1_58' title='bbox 472 558 549 585; x_wconf 88' lang='lat' dir='ltr'>non</span> <span class='ocrx_word' id='word_1_59' title='bbox 567 547 691 595; x_wconf 83' lang='lat' dir='ltr'>inepte</span> <span class='ocrx_word' id='word_1_60' title='bbox 706 545 875 596; x_wconf 84' lang='lat' dir='ltr'>quidem:</span> <span class='ocrx_word' id='word_1_61' title='bbox 895 556 982 582; x_wconf 89' lang='lat' dir='ltr'>nam</span> <span class='ocrx_word' id='word_1_62' title='bbox 997 543 1196 582; x_wconf 83' lang='lat' dir='ltr'>atrabilarii</span> <span class='ocrx_word' id='word_1_63' title='bbox 1212 541 1296 582; x_wconf 90' lang='lat' dir='ltr'>sunt</span> <span class='ocrx_word' id='word_1_64' title='bbox 1310 542 1464 582; x_wconf 84' lang='lat' dir='ltr'>morofi.</span> <span class='ocrx_word' id='word_1_65' title='bbox 1489 543 1649 596; x_wconf 84' lang='lat' dir='ltr'>Proprie</span> 
     </span>
     <span class='ocr_line' id='line_1_8' title="bbox 380 596 1647 649; baseline -0.002 -11"><span class='ocrx_word' id='word_1_66' title='bbox 380 610 505 638; x_wconf 76' lang='lat' dir='ltr'>tamen</span> <span class='ocrx_word' id='word_1_67' title='bbox 521 598 613 649; x_wconf 67' lang='grc' dir='ltr'>ῥᾴων</span> <span class='ocrx_word' id='word_1_68' title='bbox 627 596 686 646; x_wconf 70' lang='grc' dir='ltr'>ἔσῃ</span> <span class='ocrx_word' id='word_1_69' title='bbox 703 597 822 649; x_wconf 80' lang='lat' dir='ltr'>signif.</span> <span class='ocrx_word' id='word_1_70' title='bbox 834 596 1027 647; x_wconf 75' lang='lat' dir='ltr'>ſsznaberis,</span> <span class='ocrx_word' id='word_1_71' title='bbox 1041 597 1158 635; x_wconf 74' lang='lat' dir='ltr'>melius</span> <span class='ocrx_word' id='word_1_72' title='bbox 1170 608 1199 634; x_wconf 77' lang='lat' dir='ltr'>tc</span> <span class='ocrx_word' id='word_1_73' title='bbox 1211 597 1356 635; x_wconf 74' lang='lat' dir='ltr'>habebis.</span> <span class='ocrx_word' id='word_1_74' title='bbox 1370 596 1494 649; x_wconf 81' lang='lat' dir='ltr'>Supra</span> <span class='ocrx_word' id='word_1_75' title='bbox 1509 597 1547 635; x_wconf 85' lang='lat' dir='ltr'>in</span> <span class='ocrx_word' id='word_1_76' title='bbox 1562 597 1647 636; x_wconf 88' lang='lat' dir='ltr'>Ab·</span> 
     </span>
     <span class='ocr_line' id='line_1_9' title="bbox 381 647 1652 706; baseline -0.002 -14"><span class='ocrx_word' id='word_1_77' title='bbox 381 653 449 692; x_wconf 83' lang='lat' dir='ltr'>dic.</span> <span class='ocrx_word' id='word_1_78' title='bbox 463 666 494 692; x_wconf 92' lang='lat' dir='ltr'>c.</span> <span class='ocrx_word' id='word_1_79' title='bbox 512 667 574 706; x_wconf 80' lang='lat'>32,</span> <span class='ocrx_word' id='word_1_80' title='bbox 589 651 726 690; x_wconf 59' lang='grc' dir='ltr'>οὔποτε</span> <span class='ocrx_word' id='word_1_81' title='bbox 748 649 830 702; x_wconf 67' lang='grc' dir='ltr'>ῥᾷον</span> <span class='ocrx_word' id='word_1_82' title='bbox 847 647 919 700; x_wconf 79' lang='grc' dir='ltr'>ἕξει</span> <span class='ocrx_word' id='word_1_83' title='bbox 935 651 973 702; x_wconf 70' lang='lat' dir='ltr'>(iv</span> <span class='ocrx_word' id='word_1_84' title='bbox 991 649 1107 702; x_wconf 51' lang='grc' dir='ltr'>γυνὴ)</span> <span class='ocrx_word' id='word_1_85' title='bbox 1127 649 1195 698; x_wconf 75' lang='grc' dir='ltr'>κᾷν</span> <span class='ocrx_word' id='word_1_86' title='bbox 1207 650 1379 701; x_wconf 75' lang='grc' dir='ltr'>μυριάκις</span> <span class='ocrx_word' id='word_1_87' title='bbox 1394 653 1460 698; x_wconf 55' lang='lat' dir='ltr'>»niis</span> <span class='ocrx_word' id='word_1_88' title='bbox 1472 648 1541 689; x_wconf 76' lang='grc' dir='ltr'>τοῦ</span> <span class='ocrx_word' id='word_1_89' title='bbox 1555 664 1652 703; x_wconf 67' lang='lat' dir='ltr'>&lt;pap-</span> 
     </span>
     <span class='ocr_line' id='line_1_10' title="bbox 377 702 1652 757; baseline 0 -14"><span class='ocrx_word' id='word_1_90' title='bbox 377 706 516 756; x_wconf 71' lang='grc' dir='ltr'>μέικευ.</span> <span class='ocrx_word' id='word_1_91' title='bbox 543 706 606 744; x_wconf 84' lang='lat' dir='ltr'>Sic</span> <span class='ocrx_word' id='word_1_92' title='bbox 620 707 728 743; x_wconf 66' lang='lat' dir='ltr'>levare</span> <span class='ocrx_word' id='word_1_93' title='bbox 748 704 968 757; x_wconf 73' lang='lat' dir='ltr'>profanare</span> <span class='ocrx_word' id='word_1_94' title='bbox 990 703 1053 742; x_wconf 91' lang='lat' dir='ltr'>vel</span> <span class='ocrx_word' id='word_1_95' title='bbox 1075 705 1269 748; x_wconf 87' lang='lat' dir='ltr'>minuere,</span> <span class='ocrx_word' id='word_1_96' title='bbox 1292 703 1435 742; x_wconf 85' lang='lat' dir='ltr'>Latinis</span> <span class='ocrx_word' id='word_1_97' title='bbox 1459 702 1652 743; x_wconf 85' lang='lat' dir='ltr'>ufitatiffi-</span> 
     </span>
     <span class='ocr_line' id='line_1_11' title="bbox 382 756 1652 810; baseline 0 -12"><span class='ocrx_word' id='word_1_98' title='bbox 382 773 500 798; x_wconf 86' lang='lat' dir='ltr'>mum.</span> <span class='ocrx_word' id='word_1_99' title='bbox 530 760 584 798; x_wconf 90' lang='lat' dir='ltr'>Ut</span> <span class='ocrx_word' id='word_1_100' title='bbox 601 768 737 798; x_wconf 83' lang='lat' dir='ltr'>contra</span> <span class='ocrx_word' id='word_1_101' title='bbox 755 758 893 810; x_wconf 70' lang='lat' dir='ltr'>gravior</span> <span class='ocrx_word' id='word_1_102' title='bbox 898 757 1015 808; x_wconf 72' lang='lat' dir='ltr'>fizc‘lus</span> <span class='ocrx_word' id='word_1_103' title='bbox 1029 757 1179 805; x_wconf 88' lang='lat' dir='ltr'>dicitur,</span> <span class='ocrx_word' id='word_1_104' title='bbox 1205 757 1314 796; x_wconf 83' lang='lat' dir='ltr'>cuius</span> <span class='ocrx_word' id='word_1_105' title='bbox 1334 756 1516 797; x_wconf 89' lang='lat' dir='ltr'>valetudo</span> <span class='ocrx_word' id='word_1_106' title='bbox 1530 757 1568 796; x_wconf 92' lang='lat' dir='ltr'>in</span> <span class='ocrx_word' id='word_1_107' title='bbox 1586 758 1652 798; x_wconf 89' lang='lat' dir='ltr'>de·</span> 
     </span>
     <span class='ocr_line' id='line_1_12' title="bbox 381 809 1306 862; baseline -0.003 -11"><span class='ocrx_word' id='word_1_108' title='bbox 381 814 501 853; x_wconf 79' lang='lat' dir='ltr'>terius</span> <span class='ocrx_word' id='word_1_109' title='bbox 518 813 615 859; x_wconf 82' lang='lat' dir='ltr'>rnit3</span> <span class='ocrx_word' id='word_1_110' title='bbox 629 811 761 851; x_wconf 85' lang='lat' dir='ltr'>vid.C.</span> <span class='ocrx_word' id='word_1_111' title='bbox 777 810 874 851; x_wconf 87' lang='lat' dir='ltr'>cels.</span> <span class='ocrx_word' id='word_1_112' title='bbox 889 809 1005 862; x_wconf 84' lang='lat' dir='ltr'>praef.</span> <span class='ocrx_word' id='word_1_113' title='bbox 1023 823 1057 862; x_wconf 89' lang='lat' dir='ltr'>p.</span> <span class='ocrx_word' id='word_1_114' title='bbox 1080 823 1136 849; x_wconf 81' lang='grc' dir='ltr'>ιο.</span> <span class='ocrx_word' id='word_1_115' title='bbox 1159 811 1306 849; x_wconf 74' lang='grc' dir='ltr'>ΚειτΖ.</span> 
     </span>
    </p>

    <p class='ocr_par' dir='ltr' id='par_1_4' title="bbox 376 863 1698 2532">
     <span class='ocr_line' id='line_1_13' title="bbox 434 863 1651 918; baseline -0.001 -13"><span class='ocrx_word' id='word_1_116' title='bbox 434 871 505 905; x_wconf 78' lang='lat' dir='ltr'>ead.</span> <span class='ocrx_word' id='word_1_117' title='bbox 523 867 546 904; x_wconf 90' lang='lat' dir='ltr'>l.</span> <span class='ocrx_word' id='word_1_118' title='bbox 565 880 619 914; x_wconf 83' lang='lat'>14.</span> <span class='ocrx_word' id='word_1_119' title='bbox 635 866 855 918; x_wconf 60' lang='grc' dir='ltr'>Ἔγγιιστρ.</span> <span class='ocrx_word' id='word_1_120' title='bbox 877 878 962 903; x_wconf 76' lang='grc' dir='ltr'>τινα,</span> <span class='ocrx_word' id='word_1_121' title='bbox 978 863 1072 916; x_wconf 68' lang='grc' dir='ltr'>ἃς.)</span> <span class='ocrx_word' id='word_1_122' title='bbox 1097 863 1298 903; x_wconf 79' lang='lat' dir='ltr'>Alluditad</span> <span class='ocrx_word' id='word_1_123' title='bbox 1313 863 1514 911; x_wconf 80' lang='lat' dir='ltr'>Euriclem‚</span> <span class='ocrx_word' id='word_1_124' title='bbox 1538 863 1651 904; x_wconf 84' lang='lat' dir='ltr'>cuius</span> 
     </span>
     <span class='ocr_line' id='line_1_14' title="bbox 381 916 1651 972; baseline -0.002 -12"><span class='ocrx_word' id='word_1_125' title='bbox 381 919 575 972; x_wconf 87' lang='lat' dir='ltr'>Aristoph.</span> <span class='ocrx_word' id='word_1_126' title='bbox 591 920 822 959; x_wconf 87' lang='lat' dir='ltr'>mentionem</span> <span class='ocrx_word' id='word_1_127' title='bbox 837 917 926 956; x_wconf 83' lang='lat' dir='ltr'>facit</span> <span class='ocrx_word' id='word_1_128' title='bbox 942 917 996 957; x_wconf 84' lang='lat' dir='ltr'>his</span> <span class='ocrx_word' id='word_1_129' title='bbox 1012 916 1206 957; x_wconf 76' lang='lat' dir='ltr'>verslbus:</span> <span class='ocrx_word' id='word_1_130' title='bbox 1229 917 1492 967; x_wconf 67' lang='grc' dir='ltr'>Μιμνισάμενος</span> <span class='ocrx_word' id='word_1_131' title='bbox 1508 917 1573 956; x_wconf 61' lang='grc' dir='ltr'>τὴν</span> <span class='ocrx_word' id='word_1_132' title='bbox 1587 916 1651 957; x_wconf 81' lang='grc' dir='ltr'>Εὐ·</span> 
     </span>
     <span class='ocr_line' id='line_1_15' title="bbox 377 969 1651 1027; baseline -0.001 -15"><span class='ocrx_word' id='word_1_133' title='bbox 377 976 554 1027; x_wconf 74' lang='grc' dir='ltr'>ρικλείους</span> <span class='ocrx_word' id='word_1_134' title='bbox 566 974 748 1023; x_wconf 74' lang='grc' dir='ltr'>μαντείαν</span> <span class='ocrx_word' id='word_1_135' title='bbox 761 971 824 1010; x_wconf 72' lang='grc' dir='ltr'>καὶ</span> <span class='ocrx_word' id='word_1_136' title='bbox 850 970 1017 1010; x_wconf 54' lang='lat' dir='ltr'>swam</span> <span class='ocrx_word' id='word_1_137' title='bbox 1037 970 1093 1010; x_wconf 77' lang='grc' dir='ltr'>Εἰς</span> <span class='ocrx_word' id='word_1_138' title='bbox 1108 969 1314 1023; x_wconf 71' lang='grc' dir='ltr'>ἀλλοτρίας</span> <span class='ocrx_word' id='word_1_139' title='bbox 1329 972 1531 1023; x_wconf 69' lang='grc' dir='ltr'><strong><em>’γαστέρας</em></strong></span> <span class='ocrx_word' id='word_1_140' title='bbox 1545 969 1651 1011; x_wconf 61' lang='grc' dir='ltr'>ἒνὸὺς</span> 
     </span>
     <span class='ocr_line' id='line_1_16' title="bbox 379 1023 1652 1078; baseline -0.002 -11"><span class='ocrx_word' id='word_1_141' title='bbox 379 1027 584 1077; x_wconf 56' lang='grc' dir='ltr'>κωμῳδικὰ</span> <span class='ocrx_word' id='word_1_142' title='bbox 598 1028 725 1066; x_wconf 68' lang='grc' dir='ltr'>πολλὰ</span> <span class='ocrx_word' id='word_1_143' title='bbox 740 1028 931 1078; x_wconf 53' lang='lat' dir='ltr'>ximo-Bou.</span> <span class='ocrx_word' id='word_1_144' title='bbox 960 1024 1131 1064; x_wconf 87' lang='lat' dir='ltr'>Euricles</span> <span class='ocrx_word' id='word_1_145' title='bbox 1145 1035 1273 1064; x_wconf 87' lang='lat' dir='ltr'>autem</span> <span class='ocrx_word' id='word_1_146' title='bbox 1287 1025 1559 1078; x_wconf 88' lang='lat' dir='ltr'>ventriloquus</span> <span class='ocrx_word' id='word_1_147' title='bbox 1579 1023 1652 1065; x_wconf 86' lang='lat' dir='ltr'>fuit</span> 
     </span>
     <span class='ocr_line' id='line_1_17' title="bbox 380 1077 1651 1132; baseline -0.002 -12"><span class='ocrx_word' id='word_1_148' title='bbox 380 1081 636 1132; x_wconf 82' lang='lat' dir='ltr'>Athenis,qui</span> <span class='ocrx_word' id='word_1_149' title='bbox 652 1092 741 1119; x_wconf 84' lang='lat' dir='ltr'>vera</span> <span class='ocrx_word' id='word_1_150' title='bbox 759 1079 936 1118; x_wconf 85' lang='lat' dir='ltr'>hariolari</span> <span class='ocrx_word' id='word_1_151' title='bbox 952 1077 1187 1127; x_wconf 86' lang='lat' dir='ltr'>censebatur,</span> <span class='ocrx_word' id='word_1_152' title='bbox 1203 1078 1309 1131; x_wconf 91' lang='lat' dir='ltr'>quod</span> <span class='ocrx_word' id='word_1_153' title='bbox 1323 1079 1479 1130; x_wconf 84' lang='lat' dir='ltr'>genium</span> <span class='ocrx_word' id='word_1_154' title='bbox 1495 1078 1651 1118; x_wconf 87' lang='lat' dir='ltr'>haberet</span> 
     </span>
     <span class='ocr_line' id='line_1_18' title="bbox 380 1128 1653 1185; baseline -0.001 -12"><span class='ocrx_word' id='word_1_155' title='bbox 380 1135 481 1174; x_wconf 90' lang='lat' dir='ltr'>intra</span> <span class='ocrx_word' id='word_1_156' title='bbox 500 1133 665 1173; x_wconf 81' lang='lat' dir='ltr'>viscera:</span> <span class='ocrx_word' id='word_1_157' title='bbox 680 1133 729 1172; x_wconf 92' lang='lat' dir='ltr'>ab</span> <span class='ocrx_word' id='word_1_158' title='bbox 745 1145 794 1172; x_wconf 91' lang='lat' dir='ltr'>eo</span> <span class='ocrx_word' id='word_1_159' title='bbox 808 1132 944 1171; x_wconf 81' lang='lat' dir='ltr'>harioli</span> <span class='ocrx_word' id='word_1_160' title='bbox 959 1131 1226 1185; x_wconf 65' lang='grc' dir='ltr'>ἐγγοιο-τρίται</span> <span class='ocrx_word' id='word_1_161' title='bbox 1240 1133 1302 1171; x_wconf 75' lang='grc' dir='ltr'>καὶ</span> <span class='ocrx_word' id='word_1_162' title='bbox 1315 1128 1653 1183; x_wconf 69' lang='grc' dir='ltr'>Εὗροκλίταινοεῑι-</span> 
     </span>
     <span class='ocr_line' id='line_1_19' title="bbox 383 1184 1652 1239; baseline -0.001 -13"><span class='ocrx_word' id='word_1_163' title='bbox 383 1189 535 1227; x_wconf 81' lang='lat' dir='ltr'>bantur.</span> <span class='ocrx_word' id='word_1_164' title='bbox 554 1188 655 1227; x_wconf 81' lang='lat' dir='ltr'>Suid.</span> <span class='ocrx_word' id='word_1_165' title='bbox 671 1186 766 1226; x_wconf 87' lang='lat' dir='ltr'>Plut.</span> <span class='ocrx_word' id='word_1_166' title='bbox 782 1187 819 1224; x_wconf 92' lang='lat' dir='ltr'>in</span> <span class='ocrx_word' id='word_1_167' title='bbox 834 1186 962 1225; x_wconf 86' lang='lat' dir='ltr'>libello</span> <span class='ocrx_word' id='word_1_168' title='bbox 975 1187 1020 1225; x_wconf 89' lang='lat' dir='ltr'>de</span> <span class='ocrx_word' id='word_1_169' title='bbox 1034 1185 1185 1225; x_wconf 61' lang='lat' dir='ltr'>Dese&amp;</span> <span class='ocrx_word' id='word_1_170' title='bbox 1201 1185 1318 1226; x_wconf 86' lang='lat' dir='ltr'>Orac.</span> <span class='ocrx_word' id='word_1_171' title='bbox 1333 1184 1482 1225; x_wconf 76' lang='lat' dir='ltr'>COGN.</span> <span class='ocrx_word' id='word_1_172' title='bbox 1498 1186 1652 1239; x_wconf 72' lang='grc' dir='ltr'><em>Ἐγγα-</em></span> 
     </span>
     <span class='ocr_line' id='line_1_20' title="bbox 380 1238 1650 1293; baseline 0.001 -13"><span class='ocrx_word' id='word_1_173' title='bbox 380 1240 563 1293; x_wconf 70' lang='grc' dir='ltr'>στρίβυθον</span> <span class='ocrx_word' id='word_1_174' title='bbox 576 1241 658 1280; x_wconf 86' lang='lat' dir='ltr'>edd.</span> <span class='ocrx_word' id='word_1_175' title='bbox 676 1240 879 1292; x_wconf 84' lang='lat' dir='ltr'>pleraeque</span> <span class='ocrx_word' id='word_1_176' title='bbox 894 1239 1047 1284; x_wconf 80' lang='lat' dir='ltr'>babent,</span> <span class='ocrx_word' id='word_1_177' title='bbox 1064 1252 1135 1291; x_wconf 90' lang='lat' dir='ltr'>pro</span> <span class='ocrx_word' id='word_1_178' title='bbox 1149 1239 1465 1293; x_wconf 71' lang='grc' dir='ltr'>ὲγγαστρίμυθον.</span> <span class='ocrx_word' id='word_1_179' title='bbox 1478 1238 1650 1281; x_wconf 74' lang='lat' dir='ltr'>GUYET.</span> 
     </span>
     <span class='ocr_line' id='line_1_21' title="bbox 380 1292 1650 1347; baseline -0.001 -13"><span class='ocrx_word' id='word_1_180' title='bbox 380 1294 484 1346; x_wconf 83' lang='lat' dir='ltr'>Lege</span> <span class='ocrx_word' id='word_1_181' title='bbox 499 1296 542 1346; x_wconf 56' lang='lat' dir='ltr'>{y</span> <span class='ocrx_word' id='word_1_182' title='bbox 551 1293 819 1347; x_wconf 61' lang='lat' dir='ltr'>yaec‘tpismeov.</span> <span class='ocrx_word' id='word_1_183' title='bbox 845 1292 969 1345; x_wconf 87' lang='lat' dir='ltr'>Quod</span> <span class='ocrx_word' id='word_1_184' title='bbox 989 1306 1010 1332; x_wconf 93' lang='lat' dir='ltr'>a</span> <span class='ocrx_word' id='word_1_185' title='bbox 1026 1293 1187 1333; x_wconf 86' lang='lat' dir='ltr'>Vorstio</span> <span class='ocrx_word' id='word_1_186' title='bbox 1206 1294 1320 1334; x_wconf 88' lang='lat' dir='ltr'>etiam</span> <span class='ocrx_word' id='word_1_187' title='bbox 1342 1292 1650 1333; x_wconf 87' lang='lat' dir='ltr'>animadversum</span> 
     </span>
     <span class='ocr_line' id='line_1_22' title="bbox 378 1345 1651 1400; baseline 0 -13"><span class='ocrx_word' id='word_1_188' title='bbox 378 1347 488 1388; x_wconf 64' lang='lat' dir='ltr'>fuifl‘e</span> <span class='ocrx_word' id='word_1_189' title='bbox 503 1349 634 1387; x_wconf 87' lang='lat' dir='ltr'>video.</span> <span class='ocrx_word' id='word_1_190' title='bbox 658 1348 705 1386; x_wconf 89' lang='lat' dir='ltr'>Et</span> <span class='ocrx_word' id='word_1_191' title='bbox 722 1347 779 1386; x_wconf 87' lang='lat' dir='ltr'>adi</span> <span class='ocrx_word' id='word_1_192' title='bbox 797 1345 917 1386; x_wconf 83' lang='lat' dir='ltr'>Clem.</span> <span class='ocrx_word' id='word_1_193' title='bbox 931 1346 1046 1386; x_wconf 84' lang='lat' dir='ltr'>Alex.</span> <span class='ocrx_word' id='word_1_194' title='bbox 1063 1361 1100 1399; x_wconf 88' lang='lat' dir='ltr'>p.</span> <span class='ocrx_word' id='word_1_195' title='bbox 1113 1361 1138 1400; x_wconf 91' lang='lat'>9</span> <span class='ocrx_word' id='word_1_196' title='bbox 1159 1347 1210 1386; x_wconf 91' lang='lat' dir='ltr'>A.</span> <span class='ocrx_word' id='word_1_197' title='bbox 1228 1347 1295 1385; x_wconf 69' lang='lat' dir='ltr'>Kal</span> <span class='ocrx_word' id='word_1_198' title='bbox 1310 1346 1392 1387; x_wconf 82' lang='grc' dir='ltr'>τοὺς</span> <span class='ocrx_word' id='word_1_199' title='bbox 1406 1347 1520 1387; x_wconf 79' lang='grc' dir='ltr'><strong><em>εἰσέτι</em></strong></span> <span class='ocrx_word' id='word_1_200' title='bbox 1541 1349 1651 1400; x_wconf 66' lang='grc' dir='ltr'>παρὰ</span> 
     </span>
     <span class='ocr_line' id='line_1_23' title="bbox 379 1399 1651 1454; baseline -0.001 -13"><span class='ocrx_word' id='word_1_201' title='bbox 379 1401 457 1443; x_wconf 78' lang='grc' dir='ltr'>τοῖς</span> <span class='ocrx_word' id='word_1_202' title='bbox 481 1400 634 1440; x_wconf 64' lang='grc' dir='ltr'>πολλοῖς</span> <span class='ocrx_word' id='word_1_203' title='bbox 656 1403 927 1450; x_wconf 70' lang='grc' dir='ltr'>τετιμημένους</span> <span class='ocrx_word' id='word_1_204' title='bbox 951 1399 1295 1453; x_wconf 51' lang='grc' dir='ltr'>ἐγγαστριμύθους.</span> <span class='ocrx_word' id='word_1_205' title='bbox 1317 1400 1476 1440; x_wconf 79' lang='lat' dir='ltr'>SOLAN.</span> <span class='ocrx_word' id='word_1_206' title='bbox 1502 1401 1562 1454; x_wconf 65' lang='lat'>’13⁶2</span> <span class='ocrx_word' id='word_1_207' title='bbox 1571 1415 1651 1454; x_wconf 63' lang='lat' dir='ltr'>‘yea-</span> 
     </span>
     <span class='ocr_line' id='line_1_24' title="bbox 379 1453 1653 1507; baseline -0.003 -13"><span class='ocrx_word' id='word_1_208' title='bbox 379 1456 584 1507; x_wconf 75' lang='grc' dir='ltr'>στρίμυθον,</span> <span class='ocrx_word' id='word_1_209' title='bbox 602 1466 712 1505; x_wconf 83' lang='lat' dir='ltr'>puto,</span> <span class='ocrx_word' id='word_1_210' title='bbox 727 1455 766 1493; x_wconf 85' lang='lat' dir='ltr'>in</span> <span class='ocrx_word' id='word_1_211' title='bbox 782 1467 948 1494; x_wconf 87' lang='lat' dir='ltr'>mentem</span> <span class='ocrx_word' id='word_1_212' title='bbox 964 1454 1086 1501; x_wconf 80' lang='lat' dir='ltr'>venit,</span> <span class='ocrx_word' id='word_1_213' title='bbox 1101 1453 1270 1507; x_wconf 86' lang='lat' dir='ltr'>quisquis</span> <span class='ocrx_word' id='word_1_214' title='bbox 1284 1466 1423 1494; x_wconf 87' lang='lat' dir='ltr'>vocem</span> <span class='ocrx_word' id='word_1_215' title='bbox 1440 1455 1538 1494; x_wconf 89' lang='lat' dir='ltr'>hanc</span> <span class='ocrx_word' id='word_1_216' title='bbox 1551 1453 1653 1495; x_wconf 90' lang='lat' dir='ltr'>inso.</span> 
     </span>
     <span class='ocr_line' id='line_1_25' title="bbox 378 1507 1651 1561; baseline 0.001 -13"><span class='ocrx_word' id='word_1_217' title='bbox 378 1509 518 1548; x_wconf 88' lang='lat' dir='ltr'>lentem</span> <span class='ocrx_word' id='word_1_218' title='bbox 542 1509 583 1548; x_wconf 87' lang='lat'>&amp;</span> <span class='ocrx_word' id='word_1_219' title='bbox 600 1508 701 1547; x_wconf 81' lang='lat' dir='ltr'>forte</span> <span class='ocrx_word' id='word_1_220' title='bbox 716 1507 831 1560; x_wconf 67' lang='grc' dir='ltr'>ἅπαξ</span> <span class='ocrx_word' id='word_1_221' title='bbox 846 1508 1051 1560; x_wconf 61' lang='grc' dir='ltr'>λεγομένην</span> <span class='ocrx_word' id='word_1_222' title='bbox 1074 1507 1219 1561; x_wconf 82' lang='lat' dir='ltr'>inspicit</span> <span class='ocrx_word' id='word_1_223' title='bbox 1230 1539 1243 1555; x_wconf 97' lang='lat'>,</span> <span class='ocrx_word' id='word_1_224' title='bbox 1262 1507 1303 1547; x_wconf 77' lang='grc' dir='ltr'>δι</span> <span class='ocrx_word' id='word_1_225' title='bbox 1318 1507 1371 1548; x_wconf 85' lang='lat' dir='ltr'>est</span> <span class='ocrx_word' id='word_1_226' title='bbox 1387 1507 1505 1548; x_wconf 89' lang='lat' dir='ltr'>facilis</span> <span class='ocrx_word' id='word_1_227' title='bbox 1518 1508 1651 1549; x_wconf 82' lang='lat' dir='ltr'>admo·</span> 
     </span>
     <span class='ocr_line' id='line_1_26' title="bbox 379 1560 1650 1615; baseline 0 -13"><span class='ocrx_word' id='word_1_228' title='bbox 379 1563 471 1602; x_wconf 87' lang='lat' dir='ltr'>dum</span> <span class='ocrx_word' id='word_1_229' title='bbox 482 1577 513 1612; x_wconf 87' lang='grc' dir='ltr'>μ</span> <span class='ocrx_word' id='word_1_230' title='bbox 528 1562 569 1601; x_wconf 85' lang='lat'>&amp;</span> <span class='ocrx_word' id='word_1_231' title='bbox 581 1563 603 1606; x_wconf 70' lang='grc' dir='ltr'>β</span> <span class='ocrx_word' id='word_1_232' title='bbox 616 1563 813 1602; x_wconf 85' lang='lat' dir='ltr'>literarum</span> <span class='ocrx_word' id='word_1_233' title='bbox 830 1563 868 1600; x_wconf 89' lang='lat' dir='ltr'>in</span> <span class='ocrx_word' id='word_1_234' title='bbox 884 1562 991 1601; x_wconf 87' lang='lat' dir='ltr'>libris</span> <span class='ocrx_word' id='word_1_235' title='bbox 1005 1560 1292 1603; x_wconf 86' lang='lat' dir='ltr'>semiveteribus</span> <span class='ocrx_word' id='word_1_236' title='bbox 1305 1562 1551 1615; x_wconf 83' lang='lat' dir='ltr'>permutatio.</span> <span class='ocrx_word' id='word_1_237' title='bbox 1568 1562 1650 1603; x_wconf 87' lang='lat' dir='ltr'>Ve-</span> 
     </span>
     <span class='ocr_line' id='line_1_27' title="bbox 380 1614 1650 1668; baseline 0.001 -13"><span class='ocrx_word' id='word_1_238' title='bbox 380 1630 464 1656; x_wconf 89' lang='lat' dir='ltr'>rum</span> <span class='ocrx_word' id='word_1_239' title='bbox 481 1617 776 1664; x_wconf 80' lang='lat' dir='ltr'>meminerimus,</span> <span class='ocrx_word' id='word_1_240' title='bbox 787 1615 874 1668; x_wconf 85' lang='lat' dir='ltr'>quis</span> <span class='ocrx_word' id='word_1_241' title='bbox 889 1616 1090 1668; x_wconf 89' lang='lat' dir='ltr'>loquatur:</span> <span class='ocrx_word' id='word_1_242' title='bbox 1106 1614 1159 1655; x_wconf 87' lang='lat' dir='ltr'>est</span> <span class='ocrx_word' id='word_1_243' title='bbox 1173 1616 1235 1655; x_wconf 91' lang='lat' dir='ltr'>ille</span> <span class='ocrx_word' id='word_1_244' title='bbox 1248 1616 1500 1668; x_wconf 80' lang='lat' dir='ltr'>Lexipbanes,</span> <span class='ocrx_word' id='word_1_245' title='bbox 1511 1616 1650 1656; x_wconf 89' lang='lat' dir='ltr'>verbo·</span> 
     </span>
     <span class='ocr_line' id='line_1_28' title="bbox 379 1669 1650 1723; baseline 0.002 -15"><span class='ocrx_word' id='word_1_246' title='bbox 379 1683 464 1709; x_wconf 87' lang='lat' dir='ltr'>rum</span> <span class='ocrx_word' id='word_1_247' title='bbox 477 1669 583 1709; x_wconf 80' lang='lat' dir='ltr'>faber</span> <span class='ocrx_word' id='word_1_248' title='bbox 599 1669 877 1716; x_wconf 85' lang='lat' dir='ltr'>abstrusorum,</span> <span class='ocrx_word' id='word_1_249' title='bbox 890 1671 956 1722; x_wconf 91' lang='lat' dir='ltr'>qui</span> <span class='ocrx_word' id='word_1_250' title='bbox 969 1670 1146 1710; x_wconf 88' lang='lat' dir='ltr'>emoveri</span> <span class='ocrx_word' id='word_1_251' title='bbox 1159 1669 1225 1709; x_wconf 86' lang='lat' dir='ltr'>fibi</span> <span class='ocrx_word' id='word_1_252' title='bbox 1241 1670 1318 1709; x_wconf 87' lang='lat' dir='ltr'>ima</span> <span class='ocrx_word' id='word_1_253' title='bbox 1336 1670 1539 1710; x_wconf 86' lang='lat' dir='ltr'>ventriculi</span> <span class='ocrx_word' id='word_1_254' title='bbox 1560 1683 1650 1723; x_wconf 89' lang='lat' dir='ltr'>que-</span> 
     </span>
     <span class='ocr_line' id='line_1_29' title="bbox 379 1722 1651 1778; baseline 0.001 -15"><span class='ocrx_word' id='word_1_255' title='bbox 379 1724 486 1763; x_wconf 89' lang='lat' dir='ltr'>ritur.</span> <span class='ocrx_word' id='word_1_256' title='bbox 502 1722 604 1762; x_wconf 76' lang='lat' dir='ltr'>Lusit</span> <span class='ocrx_word' id='word_1_257' title='bbox 619 1724 746 1776; x_wconf 77' lang='lat' dir='ltr'>igitur,</span> <span class='ocrx_word' id='word_1_258' title='bbox 758 1723 798 1763; x_wconf 87' lang='lat'>&amp;</span> <span class='ocrx_word' id='word_1_259' title='bbox 807 1736 856 1762; x_wconf 81' lang='lat' dir='ltr'>ex</span> <span class='ocrx_word' id='word_1_260' title='bbox 871 1723 1165 1777; x_wconf 71' lang='grc' dir='ltr'>ἐγγαστριμύθῳ</span> <span class='ocrx_word' id='word_1_261' title='bbox 1176 1723 1426 1763; x_wconf 86' lang='lat' dir='ltr'>concinnavit</span> <span class='ocrx_word' id='word_1_262' title='bbox 1434 1723 1651 1778; x_wconf 64' lang='grc' dir='ltr'>ἐγγαστρί-</span> 
     </span>
     <span class='ocr_line' id='line_1_30' title="bbox 378 1776 1648 1831; baseline 0.001 -15"><span class='ocrx_word' id='word_1_263' title='bbox 378 1778 494 1823; x_wconf 57' lang='lat' dir='ltr'>eviluit,</span> <span class='ocrx_word' id='word_1_264' title='bbox 508 1776 616 1829; x_wconf 70' lang='lat' dir='ltr'>quas}</span> <span class='ocrx_word' id='word_1_265' title='bbox 630 1788 672 1816; x_wconf 84' lang='lat' dir='ltr'>tu</span> <span class='ocrx_word' id='word_1_266' title='bbox 687 1777 810 1822; x_wconf 87' lang='lat' dir='ltr'>dicas,</span> <span class='ocrx_word' id='word_1_267' title='bbox 827 1778 863 1815; x_wconf 92' lang='lat' dir='ltr'>in</span> <span class='ocrx_word' id='word_1_268' title='bbox 878 1778 1023 1816; x_wconf 87' lang='lat' dir='ltr'>ventris</span> <span class='ocrx_word' id='word_1_269' title='bbox 1033 1778 1130 1826; x_wconf 88' lang='lat' dir='ltr'>ima,</span> <span class='ocrx_word' id='word_1_270' title='bbox 1147 1777 1188 1816; x_wconf 74' lang='grc' dir='ltr'>δι</span> <span class='ocrx_word' id='word_1_271' title='bbox 1199 1777 1360 1817; x_wconf 86' lang='lat' dir='ltr'>fundum</span> <span class='ocrx_word' id='word_1_272' title='bbox 1375 1776 1516 1830; x_wconf 88' lang='lat' dir='ltr'>ipsum,</span> <span class='ocrx_word' id='word_1_273' title='bbox 1529 1776 1566 1817; x_wconf 92' lang='lat' dir='ltr'>se</span> <span class='ocrx_word' id='word_1_274' title='bbox 1581 1789 1648 1831; x_wconf 92' lang='lat' dir='ltr'>pe·</span> 
     </span>
     <span class='ocr_line' id='line_1_31' title="bbox 379 1830 1650 1885; baseline 0.001 -15"><span class='ocrx_word' id='word_1_275' title='bbox 379 1843 606 1871; x_wconf 84' lang='lat' dir='ltr'>netrantcm.</span> <span class='ocrx_word' id='word_1_276' title='bbox 630 1831 757 1871; x_wconf 66' lang='lat' dir='ltr'>Gtss.</span> <span class='ocrx_word' id='word_1_277' title='bbox 778 1830 942 1870; x_wconf 86' lang='lat' dir='ltr'>Solanus</span> <span class='ocrx_word' id='word_1_278' title='bbox 956 1842 1177 1870; x_wconf 84' lang='lat' dir='ltr'>correxerat</span> <span class='ocrx_word' id='word_1_279' title='bbox 1191 1831 1518 1885; x_wconf 60' lang='grc' dir='ltr'>ἐγγαστρίμνθοη</span> <span class='ocrx_word' id='word_1_280' title='bbox 1537 1831 1650 1871; x_wconf 89' lang='lat' dir='ltr'>meri·</span> 
     </span>
     <span class='ocr_line' id='line_1_32' title="bbox 380 1884 1648 1938; baseline 0.001 -14"><span class='ocrx_word' id='word_1_281' title='bbox 380 1895 423 1925; x_wconf 87' lang='lat' dir='ltr'>to</span> <span class='ocrx_word' id='word_1_282' title='bbox 443 1886 625 1938; x_wconf 86' lang='lat' dir='ltr'>quidem:</span> <span class='ocrx_word' id='word_1_283' title='bbox 649 1885 707 1924; x_wconf 86' lang='lat' dir='ltr'>sed</span> <span class='ocrx_word' id='word_1_284' title='bbox 735 1885 822 1937; x_wconf 88' lang='lat' dir='ltr'>quia</span> <span class='ocrx_word' id='word_1_285' title='bbox 845 1885 1089 1924; x_wconf 83' lang='lat' dir='ltr'>barbarizans</span> <span class='ocrx_word' id='word_1_286' title='bbox 1110 1885 1297 1938; x_wconf 83' lang='lat' dir='ltr'>loquitur,</span> <span class='ocrx_word' id='word_1_287' title='bbox 1321 1884 1445 1925; x_wconf 83' lang='lat' dir='ltr'>studio</span> <span class='ocrx_word' id='word_1_288' title='bbox 1463 1895 1648 1938; x_wconf 88' lang='lat' dir='ltr'>corrupta</span> 
     </span>
     <span class='ocr_line' id='line_1_33' title="bbox 381 1938 1650 1992; baseline 0.002 -14"><span class='ocrx_word' id='word_1_289' title='bbox 381 1939 648 1992; x_wconf 84' lang='lat' dir='ltr'>pronuntiatio</span> <span class='ocrx_word' id='word_1_290' title='bbox 663 1939 813 1979; x_wconf 82' lang='lat' dir='ltr'>videtur</span> <span class='ocrx_word' id='word_1_291' title='bbox 826 1939 874 1977; x_wconf 85' lang='lat' dir='ltr'>ab</span> <span class='ocrx_word' id='word_1_292' title='bbox 887 1938 1048 1978; x_wconf 65' lang='lat' dir='ltr'>auctore</span> <span class='ocrx_word' id='word_1_293' title='bbox 1063 1938 1249 1992; x_wconf 81' lang='lat' dir='ltr'>expreffa.</span> <span class='ocrx_word' id='word_1_294' title='bbox 1260 1939 1385 1978; x_wconf 87' lang='lat' dir='ltr'>Multa</span> <span class='ocrx_word' id='word_1_295' title='bbox 1397 1939 1443 1979; x_wconf 90' lang='lat' dir='ltr'>de</span> <span class='ocrx_word' id='word_1_296' title='bbox 1457 1939 1516 1980; x_wconf 87' lang='lat' dir='ltr'>his</span> <span class='ocrx_word' id='word_1_297' title='bbox 1528 1941 1650 1992; x_wconf 88' lang='lat' dir='ltr'>impo-</span> 
     </span>
     <span class='ocr_line' id='line_1_34' title="bbox 381 1991 1647 2046; baseline 0.001 -15"><span class='ocrx_word' id='word_1_298' title='bbox 381 1992 543 2032; x_wconf 88' lang='lat' dir='ltr'>storibus</span> <span class='ocrx_word' id='word_1_299' title='bbox 558 1992 878 2046; x_wconf 62' lang='grc' dir='ltr'>ἑγγαστριμὺθοις</span> <span class='ocrx_word' id='word_1_300' title='bbox 890 1993 1006 2033; x_wconf 84' lang='lat' dir='ltr'>Brod.</span> <span class='ocrx_word' id='word_1_301' title='bbox 1022 1992 1130 2032; x_wconf 89' lang='lat' dir='ltr'>Misc.</span> <span class='ocrx_word' id='word_1_302' title='bbox 1141 1992 1210 2039; x_wconf 85' lang='lat' dir='ltr'>IX,</span> <span class='ocrx_word' id='word_1_303' title='bbox 1221 2006 1258 2033; x_wconf 90' lang='lat' dir='ltr'>c.</span> <span class='ocrx_word' id='word_1_304' title='bbox 1275 2007 1338 2046; x_wconf 84' lang='lat'>19,</span> <span class='ocrx_word' id='word_1_305' title='bbox 1352 1992 1536 2033; x_wconf 87' lang='lat' dir='ltr'>Thesaur.</span> <span class='ocrx_word' id='word_1_306' title='bbox 1548 1991 1647 2033; x_wconf 86' lang='lat' dir='ltr'>Crit.</span> 
     </span>
     <span class='ocr_line' id='line_1_35' title="bbox 380 2045 1647 2100; baseline 0.001 -14"><span class='ocrx_word' id='word_1_307' title='bbox 380 2046 510 2094; x_wconf 89' lang='lat' dir='ltr'>T.1V‚</span> <span class='ocrx_word' id='word_1_308' title='bbox 524 2061 560 2099; x_wconf 88' lang='lat' dir='ltr'>p.</span> <span class='ocrx_word' id='word_1_309' title='bbox 573 2061 642 2095; x_wconf 86' lang='lat'>72,</span> <span class='ocrx_word' id='word_1_310' title='bbox 656 2061 719 2099; x_wconf 85' lang='lat'>73.</span> <span class='ocrx_word' id='word_1_311' title='bbox 735 2046 812 2086; x_wconf 88' lang='lat' dir='ltr'>Ubi</span> <span class='ocrx_word' id='word_1_312' title='bbox 823 2059 871 2086; x_wconf 80' lang='lat' dir='ltr'>ex</span> <span class='ocrx_word' id='word_1_313' title='bbox 884 2046 1260 2100; x_wconf 52' lang='lat' dir='ltr'>Hippocrxfimsnu.</span> <span class='ocrx_word' id='word_1_314' title='bbox 1273 2048 1291 2086; x_wconf 80' lang='grc' dir='ltr'>ε’</span> <span class='ocrx_word' id='word_1_315' title='bbox 1303 2045 1427 2096; x_wconf 86' lang='lat' dir='ltr'>affert,</span> <span class='ocrx_word' id='word_1_316' title='bbox 1446 2047 1509 2088; x_wconf 72' lang='grc' dir='ltr'>καὶ</span> <span class='ocrx_word' id='word_1_317' title='bbox 1525 2047 1566 2087; x_wconf 79' lang='grc' dir='ltr'>ἐκ</span> <span class='ocrx_word' id='word_1_318' title='bbox 1577 2046 1647 2087; x_wconf 74' lang='grc' dir='ltr'>τοῦ</span> 
     </span>
     <span class='ocr_line' id='line_1_36' title="bbox 382 2096 1647 2154; baseline 0.002 -15"><span class='ocrx_word' id='word_1_319' title='bbox 382 2099 532 2140; x_wconf 75' lang='grc' dir='ltr'>στήθεος</span> <span class='ocrx_word' id='word_1_320' title='bbox 546 2100 769 2150; x_wconf 60' lang='grc' dir='ltr'>ὑπεψὸφεεν,</span> <span class='ocrx_word' id='word_1_321' title='bbox 792 2096 916 2151; x_wconf 60' lang='grc' dir='ltr'>ὥσπερ</span> <span class='ocrx_word' id='word_1_322' title='bbox 931 2099 970 2139; x_wconf 74' lang='grc' dir='ltr'>αἱ</span> <span class='ocrx_word' id='word_1_323' title='bbox 985 2100 1277 2154; x_wconf 71' lang='grc' dir='ltr'>ἐγγαστρίμυθοι</span> <span class='ocrx_word' id='word_1_324' title='bbox 1290 2101 1504 2154; x_wconf 60' lang='grc' dir='ltr'>λεγόμεναι.</span> <span class='ocrx_word' id='word_1_325' title='bbox 1519 2100 1647 2154; x_wconf 85' lang='lat' dir='ltr'>Quod</span> 
     </span>
     <span class='ocr_line' id='line_1_37' title="bbox 380 2153 1648 2208; baseline 0.002 -15"><span class='ocrx_word' id='word_1_326' title='bbox 380 2153 552 2194; x_wconf 88' lang='lat' dir='ltr'>Galenus</span> <span class='ocrx_word' id='word_1_327' title='bbox 565 2153 765 2194; x_wconf 75' lang='lat' dir='ltr'>edisserens</span> <span class='ocrx_word' id='word_1_328' title='bbox 775 2154 842 2201; x_wconf 90' lang='lat' dir='ltr'>ait,</span> <span class='ocrx_word' id='word_1_329' title='bbox 851 2154 1152 2208; x_wconf 64' lang='grc' dir='ltr'>ἐγγαστρίμυθοι</span> <span class='ocrx_word' id='word_1_330' title='bbox 1164 2155 1196 2195; x_wconf 78' lang='grc' dir='ltr'>οἱ</span> <span class='ocrx_word' id='word_1_331' title='bbox 1205 2156 1473 2205; x_wconf 77' lang='grc' dir='ltr'>κεκλεισμένον</span> <span class='ocrx_word' id='word_1_332' title='bbox 1483 2154 1551 2194; x_wconf 77' lang='grc' dir='ltr'>τοῦ</span> <span class='ocrx_word' id='word_1_333' title='bbox 1562 2153 1648 2195; x_wconf 75' lang='grc' dir='ltr'>στό-</span> 
     </span>
     <span class='ocr_line' id='line_1_38' title="bbox 379 2206 1645 2263; baseline 0.002 -17"><span class='ocrx_word' id='word_1_334' title='bbox 379 2222 510 2257; x_wconf 71' lang='grc' dir='ltr'>ματος</span> <span class='ocrx_word' id='word_1_335' title='bbox 534 2208 808 2260; x_wconf 68' lang='grc' dir='ltr'>φθεγγόμενοι,</span> <span class='ocrx_word' id='word_1_336' title='bbox 828 2206 899 2247; x_wconf 53' lang='grc' dir='ltr'>διὰ</span> <span class='ocrx_word' id='word_1_337' title='bbox 919 2210 964 2247; x_wconf 66' lang='grc' dir='ltr'>τὸ</span> <span class='ocrx_word' id='word_1_338' title='bbox 979 2207 1100 2248; x_wconf 56' lang='grc' dir='ltr'>δοκεῖν</span> <span class='ocrx_word' id='word_1_339' title='bbox 1115 2209 1156 2248; x_wconf 79' lang='grc' dir='ltr'>ἐκ</span> <span class='ocrx_word' id='word_1_340' title='bbox 1176 2208 1242 2250; x_wconf 77' lang='grc' dir='ltr'>τιῖς</span> <span class='ocrx_word' id='word_1_341' title='bbox 1259 2211 1428 2263; x_wconf 67' lang='grc' dir='ltr'>’γαστρὸς</span> <span class='ocrx_word' id='word_1_342' title='bbox 1450 2209 1645 2263; x_wconf 69' lang='grc' dir='ltr'>φθέγγειν.</span> 
     </span>
     <span class='ocr_line' id='line_1_39' title="bbox 380 2261 1698 2316; baseline 0.003 -17"><span class='ocrx_word' id='word_1_343' title='bbox 380 2262 417 2299; x_wconf 90' lang='lat' dir='ltr'><em>E</em></span> <span class='ocrx_word' id='word_1_344' title='bbox 420 2263 668 2314; x_wconf 76' lang='lat' dir='ltr'>ngastrimantis</span> <span class='ocrx_word' id='word_1_345' title='bbox 687 2261 840 2315; x_wconf 79' lang='lat' dir='ltr'>(pergit</span> <span class='ocrx_word' id='word_1_346' title='bbox 850 2261 939 2309; x_wconf 87' lang='lat' dir='ltr'>ille)</span> <span class='ocrx_word' id='word_1_347' title='bbox 960 2274 1088 2302; x_wconf 80' lang='lat' dir='ltr'>autem</span> <span class='ocrx_word' id='word_1_348' title='bbox 1106 2261 1384 2315; x_wconf 82' lang='lat' dir='ltr'>&amp;sternomantis</span> <span class='ocrx_word' id='word_1_349' title='bbox 1397 2264 1551 2316; x_wconf 80' lang='lat' dir='ltr'>proprie</span> <span class='ocrx_word' id='word_1_350' title='bbox 1571 2262 1646 2314; x_wconf 85' lang='lat' dir='ltr'>est,</span> <span class='ocrx_word' id='word_1_351' title='bbox 1694 2266 1698 2271; x_wconf 79' lang='grc'><em>“</em></span> 
     </span>
     <span class='ocr_line' id='line_1_40' title="bbox 379 2315 1647 2370; baseline 0.002 -15"><span class='ocrx_word' id='word_1_352' title='bbox 379 2316 447 2368; x_wconf 89' lang='lat' dir='ltr'>qui</span> <span class='ocrx_word' id='word_1_353' title='bbox 459 2316 683 2355; x_wconf 89' lang='lat' dir='ltr'>daemonem</span> <span class='ocrx_word' id='word_1_354' title='bbox 697 2316 914 2369; x_wconf 87' lang='lat' dir='ltr'>quempiam</span> <span class='ocrx_word' id='word_1_355' title='bbox 933 2327 998 2355; x_wconf 88' lang='lat' dir='ltr'>aut</span> <span class='ocrx_word' id='word_1_356' title='bbox 1009 2315 1229 2368; x_wconf 89' lang='lat' dir='ltr'>Pythonem</span> <span class='ocrx_word' id='word_1_357' title='bbox 1243 2318 1282 2356; x_wconf 93' lang='lat' dir='ltr'>in</span> <span class='ocrx_word' id='word_1_358' title='bbox 1299 2327 1433 2357; x_wconf 88' lang='lat' dir='ltr'>ventre</span> <span class='ocrx_word' id='word_1_359' title='bbox 1443 2328 1509 2357; x_wconf 86' lang='lat' dir='ltr'>aut</span> <span class='ocrx_word' id='word_1_360' title='bbox 1520 2316 1647 2370; x_wconf 75' lang='grc' dir='ltr'>ρεᾶο-</span> 
     </span>
     <span class='ocr_line' id='line_1_41' title="bbox 381 2369 1644 2424; baseline 0.002 -16"><span class='ocrx_word' id='word_1_361' title='bbox 381 2381 423 2408; x_wconf 89' lang='lat' dir='ltr'>re</span> <span class='ocrx_word' id='word_1_362' title='bbox 438 2369 579 2409; x_wconf 87' lang='lat' dir='ltr'>habere</span> <span class='ocrx_word' id='word_1_363' title='bbox 592 2370 771 2416; x_wconf 89' lang='lat' dir='ltr'>creditur,</span> <span class='ocrx_word' id='word_1_364' title='bbox 791 2370 902 2409; x_wconf 88' lang='lat' dir='ltr'>cuius</span> <span class='ocrx_word' id='word_1_365' title='bbox 917 2370 1071 2410; x_wconf 87' lang='lat' dir='ltr'>monitis</span> <span class='ocrx_word' id='word_1_366' title='bbox 1082 2381 1198 2424; x_wconf 88' lang='lat' dir='ltr'>atque</span> <span class='ocrx_word' id='word_1_367' title='bbox 1215 2369 1379 2424; x_wconf 88' lang='lat' dir='ltr'>impulsu</span> <span class='ocrx_word' id='word_1_368' title='bbox 1393 2370 1644 2413; x_wconf 86' lang='lat' dir='ltr'>vaticinatur.</span> 
     </span>
     <span class='ocr_line' id='line_1_42' title="bbox 379 2421 1646 2476; baseline 0.003 -15"><span class='ocrx_word' id='word_1_369' title='bbox 379 2421 592 2471; x_wconf 85' lang='lat' dir='ltr'>Falluntur,</span> <span class='ocrx_word' id='word_1_370' title='bbox 613 2424 678 2476; x_wconf 85' lang='lat' dir='ltr'>qui</span> <span class='ocrx_word' id='word_1_371' title='bbox 703 2435 852 2476; x_wconf 88' lang='lat' dir='ltr'>putant,</span> <span class='ocrx_word' id='word_1_372' title='bbox 876 2423 1184 2476; x_wconf 86' lang='lat' dir='ltr'>engastrimantas</span> <span class='ocrx_word' id='word_1_373' title='bbox 1207 2424 1381 2475; x_wconf 85' lang='lat' dir='ltr'>pelvibus</span> <span class='ocrx_word' id='word_1_374' title='bbox 1402 2426 1473 2472; x_wconf 87' lang='lat' dir='ltr'>uti,</span> <span class='ocrx_word' id='word_1_375' title='bbox 1497 2437 1541 2464; x_wconf 93' lang='lat' dir='ltr'>ac</span> <span class='ocrx_word' id='word_1_376' title='bbox 1555 2425 1646 2467; x_wconf 77' lang='lat' dir='ltr'>vase</span> 
     </span>
     <span class='ocr_line' id='line_1_43' title="bbox 376 2477 1645 2532; baseline 0.005 -16"><span class='ocrx_word' id='word_1_377' title='bbox 376 2477 569 2528; x_wconf 88' lang='lat' dir='ltr'>quodam,</span> <span class='ocrx_word' id='word_1_378' title='bbox 595 2479 704 2531; x_wconf 88' lang='lat' dir='ltr'>quod</span> <span class='ocrx_word' id='word_1_379' title='bbox 719 2478 877 2531; x_wconf 60' lang='grc' dir='ltr'><em>γαστῆς</em></span> <span class='ocrx_word' id='word_1_380' title='bbox 891 2477 1156 2532; x_wconf 85' lang='lat' dir='ltr'>appellaretur.</span> <span class='ocrx_word' id='word_1_381' title='bbox 1185 2477 1324 2520; x_wconf 89' lang='lat' dir='ltr'>Graeci</span> <span class='ocrx_word' id='word_1_382' title='bbox 1343 2491 1441 2522; x_wconf 87' lang='lat' dir='ltr'>vero</span> <span class='ocrx_word' id='word_1_383' title='bbox 1463 2478 1645 2527; x_wconf 62' lang='lat' dir='ltr'>auclores</span> 
     </span>
    </p>
   </div>
  </div>
 </body>
</html>
