<?xml version="1.0" encoding="UTF-8"?>
<!DOCTYPE html PUBLIC "-//W3C//DTD XHTML 1.0 Transitional//EN"
    "http://www.w3.org/TR/xhtml1/DTD/xhtml1-transitional.dtd">
<html xmlns="http://www.w3.org/1999/xhtml" xml:lang="en" lang="en">
 <head>
  <title>
</title>
<meta http-equiv="Content-Type" content="text/html;charset=utf-8" />
  <meta name='ocr-system' content='tesseract 3.04.00' />
  <meta name='ocr-capabilities' content='ocr_page ocr_carea ocr_par ocr_line ocrx_word'/>
</head>
<body>
  <div class='ocr_page' id='page_1' title='image "./operagraeceetlat05luciuoft/operagraeceetlat05luciuoft_0389.png"; bbox 0 0 1730 3326; ppageno 0'>
   <div class='ocr_carea' id='block_1_1' title="bbox 0 2283 2 2340">
    <p class='ocr_par' dir='ltr' id='par_1_1' title="bbox 0 2283 2 2340">
     <span class='ocr_line' id='line_1_1' title="bbox 0 2283 2 2340; baseline 0 0"><span class='ocrx_word' id='word_1_1' title='bbox 0 2283 2 2340; x_wconf 56' lang='lat' dir='ltr'>i</span> 
     </span>
    </p>
   </div>
   <div class='ocr_carea' id='block_1_2' title="bbox 283 198 1299 261">
    <p class='ocr_par' dir='ltr' id='par_1_2' title="bbox 283 198 1299 261">
     <span class='ocr_line' id='line_1_2' title="bbox 283 198 1299 261; baseline 0.002 -12"><span class='ocrx_word' id='word_1_2' title='bbox 283 203 353 249; x_wconf 87' lang='lat' dir='ltr'>IN</span> <span class='ocrx_word' id='word_1_3' title='bbox 385 199 712 248; x_wconf 86' lang='lat' dir='ltr'>PHALARIN</span> <span class='ocrx_word' id='word_1_4' title='bbox 744 198 1050 247; x_wconf 85' lang='lat' dir='ltr'>PRIOREM.</span> <span class='ocrx_word' id='word_1_5' title='bbox 1206 201 1299 261; x_wconf 76' lang='lat'>381</span> 
     </span>
    </p>
   </div>
   <div class='ocr_carea' id='block_1_3' title="bbox 28 286 1306 716">
    <p class='ocr_par' dir='ltr' id='par_1_3' title="bbox 28 286 1306 716">
     <span class='ocr_line' id='line_1_3' title="bbox 28 286 1296 342; baseline -0.002 -10"><span class='ocrx_word' id='word_1_6' title='bbox 28 302 146 332; x_wconf 81' lang='lat' dir='ltr'>naeae</span> <span class='ocrx_word' id='word_1_7' title='bbox 156 290 412 339; x_wconf 75' lang='grc' dir='ltr'><strong><em>ἄνοιφυομένοις</em></strong></span> <span class='ocrx_word' id='word_1_8' title='bbox 425 291 604 340; x_wconf 70' lang='grc' dir='ltr'>κεφαλὰς</span> <span class='ocrx_word' id='word_1_9' title='bbox 614 287 764 335; x_wconf 76' lang='grc' dir='ltr'><strong><em>εκυΠὶι,</em></strong></span> <span class='ocrx_word' id='word_1_10' title='bbox 776 288 855 328; x_wconf 89' lang='lat' dir='ltr'>vid.</span> <span class='ocrx_word' id='word_1_11' title='bbox 864 288 1054 342; x_wconf 87' lang='lat' dir='ltr'>Apollod.</span> <span class='ocrx_word' id='word_1_12' title='bbox 1066 286 1100 327; x_wconf 83' lang='grc' dir='ltr'>ΙΙ</span> <span class='ocrx_word' id='word_1_13' title='bbox 1114 287 1296 330; x_wconf 85' lang='lat' dir='ltr'>Biblioth.</span> 
     </span>
     <span class='ocr_line' id='line_1_4' title="bbox 28 341 1299 396; baseline -0.001 -12"><span class='ocrx_word' id='word_1_14' title='bbox 28 345 137 384; x_wconf 65' lang='lat' dir='ltr'>lens.</span> <span class='ocrx_word' id='word_1_15' title='bbox 158 342 379 396; x_wconf 60' lang='lat' dir='ltr'>Suspectum</span> <span class='ocrx_word' id='word_1_16' title='bbox 401 341 473 382; x_wconf 85' lang='lat' dir='ltr'>fuit</span> <span class='ocrx_word' id='word_1_17' title='bbox 492 342 616 382; x_wconf 80' lang='lat' dir='ltr'>lensio</span> <span class='ocrx_word' id='word_1_18' title='bbox 635 342 727 381; x_wconf 89' lang='lat' dir='ltr'>illud</span> <span class='ocrx_word' id='word_1_19' title='bbox 746 343 879 392; x_wconf 83' lang='grc' dir='ltr'><strong><em>φέρειν,</em></strong></span> <span class='ocrx_word' id='word_1_20' title='bbox 897 355 969 394; x_wconf 85' lang='lat' dir='ltr'>pro</span> <span class='ocrx_word' id='word_1_21' title='bbox 991 354 1073 395; x_wconf 90' lang='lat' dir='ltr'>quo</span> <span class='ocrx_word' id='word_1_22' title='bbox 1095 341 1299 394; x_wconf 87' lang='lat' dir='ltr'>legendum</span> 
     </span>
     <span class='ocr_line' id='line_1_5' title="bbox 29 395 1299 449; baseline -0.002 -11"><span class='ocrx_word' id='word_1_23' title='bbox 29 398 173 438; x_wconf 88' lang='lat' dir='ltr'>censuit</span> <span class='ocrx_word' id='word_1_24' title='bbox 195 397 358 449; x_wconf 62' lang='grc' dir='ltr'><strong><em>θερίζειν,</em></strong></span> <span class='ocrx_word' id='word_1_25' title='bbox 380 399 544 435; x_wconf 82' lang='lat' dir='ltr'><strong><em>demetere.</em></strong></span> <span class='ocrx_word' id='word_1_26' title='bbox 563 396 749 447; x_wconf 83' lang='lat' dir='ltr'>Equidem</span> <span class='ocrx_word' id='word_1_27' title='bbox 770 395 919 434; x_wconf 85' lang='lat' dir='ltr'>leviore</span> <span class='ocrx_word' id='word_1_28' title='bbox 940 396 1154 435; x_wconf 87' lang='lat' dir='ltr'>mutatione</span> <span class='ocrx_word' id='word_1_29' title='bbox 1170 397 1299 436; x_wconf 89' lang='lat' dir='ltr'>malim</span> 
     </span>
     <span class='ocr_line' id='line_1_6' title="bbox 28 446 1301 504; baseline -0.002 -13"><span class='ocrx_word' id='word_1_30' title='bbox 28 452 156 504; x_wconf 84' lang='lat' dir='ltr'>legere</span> <span class='ocrx_word' id='word_1_31' title='bbox 170 450 301 502; x_wconf 56' lang='grc' dir='ltr'><strong><em>δέρειν,</em></strong></span> <span class='ocrx_word' id='word_1_32' title='bbox 315 453 453 489; x_wconf 81' lang='lat' dir='ltr'><strong><em>caedere.</em></strong></span> <span class='ocrx_word' id='word_1_33' title='bbox 474 450 516 488; x_wconf 92' lang='lat' dir='ltr'>L.</span> <span class='ocrx_word' id='word_1_34' title='bbox 528 449 627 488; x_wconf 86' lang='lat' dir='ltr'>Bos.</span> <span class='ocrx_word' id='word_1_35' title='bbox 641 446 722 488; x_wconf 83' lang='lat' dir='ltr'>Nisi</span> <span class='ocrx_word' id='word_1_36' title='bbox 735 448 859 501; x_wconf 88' lang='lat' dir='ltr'>placet</span> <span class='ocrx_word' id='word_1_37' title='bbox 872 449 998 488; x_wconf 89' lang='lat' dir='ltr'>verbo</span> <span class='ocrx_word' id='word_1_38' title='bbox 1014 450 1136 500; x_wconf 83' lang='grc' dir='ltr'><strong><em>φέρειν</em></strong></span> <span class='ocrx_word' id='word_1_39' title='bbox 1156 450 1217 489; x_wconf 88' lang='lat' dir='ltr'>hic</span> <span class='ocrx_word' id='word_1_40' title='bbox 1235 451 1301 489; x_wconf 90' lang='lat' dir='ltr'>tri·</span> 
     </span>
     <span class='ocr_line' id='line_1_7' title="bbox 31 500 1302 555; baseline -0.001 -11"><span class='ocrx_word' id='word_1_41' title='bbox 31 505 150 544; x_wconf 91' lang='lat' dir='ltr'>buere</span> <span class='ocrx_word' id='word_1_42' title='bbox 165 503 358 544; x_wconf 84' lang='lat' dir='ltr'>auferendi</span> <span class='ocrx_word' id='word_1_43' title='bbox 372 501 687 555; x_wconf 83' lang='lat' dir='ltr'>significationem</span> <span class='ocrx_word' id='word_1_44' title='bbox 699 530 708 548; x_wconf 94' lang='lat'>‚</span> <span class='ocrx_word' id='word_1_45' title='bbox 724 513 767 540; x_wconf 89' lang='lat' dir='ltr'>ut</span> <span class='ocrx_word' id='word_1_46' title='bbox 778 500 820 540; x_wconf 89' lang='lat'>11.</span> <span class='ocrx_word' id='word_1_47' title='bbox 834 506 856 539; x_wconf 90' lang='lat' dir='ltr'>B</span> <span class='ocrx_word' id='word_1_48' title='bbox 867 532 879 547; x_wconf 87' lang='lat'>‚</span> <span class='ocrx_word' id='word_1_49' title='bbox 892 516 966 554; x_wconf 87' lang='lat'>302</span> <span class='ocrx_word' id='word_1_50' title='bbox 977 533 988 550; x_wconf 93' lang='lat'><strong>,</strong></span> <span class='ocrx_word' id='word_1_51' title='bbox 1001 523 1045 532; x_wconf 92' lang='lat'>—-</span> <span class='ocrx_word' id='word_1_52' title='bbox 1061 501 1120 540; x_wconf 74' lang='grc' dir='ltr'>οὓς</span> <span class='ocrx_word' id='word_1_53' title='bbox 1130 503 1184 552; x_wconf 78' lang='grc' dir='ltr'>μὴ</span> <span class='ocrx_word' id='word_1_54' title='bbox 1201 501 1302 553; x_wconf 72' lang='grc' dir='ltr'><em>κῆρες</em></span> 
     </span>
     <span class='ocr_line' id='line_1_8' title="bbox 31 554 1303 608; baseline -0.002 -11"><span class='ocrx_word' id='word_1_55' title='bbox 31 556 121 604; x_wconf 67' lang='grc' dir='ltr'><strong><em>ἔβαν</em></strong></span> <span class='ocrx_word' id='word_1_56' title='bbox 132 557 309 599; x_wconf 59' lang='lat' dir='ltr'>zamram</span> <span class='ocrx_word' id='word_1_57' title='bbox 326 559 528 608; x_wconf 75' lang='grc' dir='ltr'><em>φέρουσαι,</em></span> <span class='ocrx_word' id='word_1_58' title='bbox 549 556 614 595; x_wconf 89' lang='lat' dir='ltr'>ubi</span> <span class='ocrx_word' id='word_1_59' title='bbox 633 554 857 595; x_wconf 78' lang='lat' dir='ltr'>scholiastes</span> <span class='ocrx_word' id='word_1_60' title='bbox 871 568 1030 608; x_wconf 86' lang='lat' dir='ltr'>quoque</span> <span class='ocrx_word' id='word_1_61' title='bbox 1049 557 1230 606; x_wconf 72' lang='grc' dir='ltr'><strong><em>φέρουσαι</em></strong></span> <span class='ocrx_word' id='word_1_62' title='bbox 1245 558 1303 595; x_wconf 91' lang='lat' dir='ltr'>in-</span> 
     </span>
     <span class='ocr_line' id='line_1_9' title="bbox 30 608 1303 664; baseline -0.002 -14"><span class='ocrx_word' id='word_1_63' title='bbox 30 622 259 664; x_wconf 73' lang='lat' dir='ltr'>terpretatur</span> <span class='ocrx_word' id='word_1_64' title='bbox 272 611 532 660; x_wconf 73' lang='grc' dir='ltr'><strong><em>ἀονοφέρουσοιι·</em></strong></span> <span class='ocrx_word' id='word_1_65' title='bbox 549 609 630 655; x_wconf 81' lang='lat' dir='ltr'>nisi,</span> <span class='ocrx_word' id='word_1_66' title='bbox 644 609 813 661; x_wconf 78' lang='lat' dir='ltr'>inquam,</span> <span class='ocrx_word' id='word_1_67' title='bbox 832 609 907 647; x_wconf 89' lang='lat' dir='ltr'>hoc</span> <span class='ocrx_word' id='word_1_68' title='bbox 920 608 1058 662; x_wconf 83' lang='lat' dir='ltr'>placet,</span> <span class='ocrx_word' id='word_1_69' title='bbox 1073 609 1278 649; x_wconf 85' lang='lat' dir='ltr'>videndum</span> <span class='ocrx_word' id='word_1_70' title='bbox 1289 638 1303 658; x_wconf 92' lang='lat'>,</span> 
     </span>
     <span class='ocr_line' id='line_1_10' title="bbox 31 661 1306 716; baseline -0.003 -12"><span class='ocrx_word' id='word_1_71' title='bbox 31 677 83 704; x_wconf 82' lang='lat' dir='ltr'>an</span> <span class='ocrx_word' id='word_1_72' title='bbox 97 677 175 705; x_wconf 90' lang='lat' dir='ltr'>non</span> <span class='ocrx_word' id='word_1_73' title='bbox 190 664 302 704; x_wconf 89' lang='lat' dir='ltr'>fuerit</span> <span class='ocrx_word' id='word_1_74' title='bbox 315 665 470 703; x_wconf 84' lang='lat' dir='ltr'>inlibris</span> <span class='ocrx_word' id='word_1_75' title='bbox 482 663 648 716; x_wconf 84' lang='lat' dir='ltr'>antiquis</span> <span class='ocrx_word' id='word_1_76' title='bbox 660 661 834 713; x_wconf 71' lang='grc' dir='ltr'><strong><em>ἀφαιρεῖν.</em></strong></span> <span class='ocrx_word' id='word_1_77' title='bbox 848 662 973 702; x_wconf 62' lang='lat' dir='ltr'>Gesn.</span> <span class='ocrx_word' id='word_1_78' title='bbox 988 662 1025 701; x_wconf 90' lang='lat' dir='ltr'>Si</span> <span class='ocrx_word' id='word_1_79' title='bbox 1039 663 1218 710; x_wconf 82' lang='lat' dir='ltr'>tolerandi,</span> <span class='ocrx_word' id='word_1_80' title='bbox 1230 679 1306 716; x_wconf 79' lang='lat' dir='ltr'>per·</span> 
     </span>
    </p>
   </div>
   <div class='ocr_carea' id='block_1_4' title="bbox 23 715 1305 777">
    <p class='ocr_par' dir='ltr' id='par_1_4' title="bbox 23 715 1305 777">
     <span class='ocr_line' id='line_1_11' title="bbox 23 715 1305 777; baseline 0 -20"><span class='ocrx_word' id='word_1_81' title='bbox 23 719 203 770; x_wconf 59' lang='lat' dir='ltr'>severam-di</span> <span class='ocrx_word' id='word_1_82' title='bbox 221 718 327 757; x_wconf 88' lang='lat' dir='ltr'>sensu</span> <span class='ocrx_word' id='word_1_83' title='bbox 342 718 526 770; x_wconf 86' lang='lat' dir='ltr'>accipias,</span> <span class='ocrx_word' id='word_1_84' title='bbox 540 716 637 755; x_wconf 83' lang='lat' dir='ltr'>stare</span> <span class='ocrx_word' id='word_1_85' title='bbox 653 717 794 777; x_wconf 83' lang='lat' dir='ltr'>poterit</span> <span class='ocrx_word' id='word_1_86' title='bbox 811 716 965 769; x_wconf 79' lang='lat' dir='ltr'>vulgata</span> <span class='ocrx_word' id='word_1_87' title='bbox 974 730 986 764; x_wconf 81' lang='lat'>3</span> <span class='ocrx_word' id='word_1_88' title='bbox 1007 715 1186 756; x_wconf 85' lang='lat' dir='ltr'>molestus</span> <span class='ocrx_word' id='word_1_89' title='bbox 1200 720 1305 757; x_wconf 89' lang='lat' dir='ltr'>enim</span> 
     </span>
    </p>
   </div>
   <div class='ocr_carea' id='block_1_5' title="bbox 32 770 1316 2226">
    <p class='ocr_par' dir='ltr' id='par_1_5' title="bbox 32 770 1316 2171">
     <span class='ocr_line' id='line_1_12' title="bbox 32 770 1305 824; baseline 0 -13"><span class='ocrx_word' id='word_1_90' title='bbox 32 771 95 811; x_wconf 86' lang='lat' dir='ltr'>ille</span> <span class='ocrx_word' id='word_1_91' title='bbox 108 772 217 812; x_wconf 87' lang='lat' dir='ltr'>labor</span> <span class='ocrx_word' id='word_1_92' title='bbox 231 772 283 811; x_wconf 92' lang='lat' dir='ltr'>est</span> <span class='ocrx_word' id='word_1_93' title='bbox 303 772 344 811; x_wconf 70' lang='grc' dir='ltr'>δε</span> <span class='ocrx_word' id='word_1_94' title='bbox 360 772 407 810; x_wconf 89' lang='lat' dir='ltr'>ad</span> <span class='ocrx_word' id='word_1_95' title='bbox 423 783 538 824; x_wconf 91' lang='lat' dir='ltr'>quem</span> <span class='ocrx_word' id='word_1_96' title='bbox 550 771 718 822; x_wconf 74' lang='lat' dir='ltr'>patientta</span> <span class='ocrx_word' id='word_1_97' title='bbox 738 770 905 809; x_wconf 86' lang='lat' dir='ltr'>maxima</span> <span class='ocrx_word' id='word_1_98' title='bbox 925 771 1148 823; x_wconf 84' lang='lat' dir='ltr'>requiritur,</span> <span class='ocrx_word' id='word_1_99' title='bbox 1161 771 1229 810; x_wconf 91' lang='lat' dir='ltr'>ubi</span> <span class='ocrx_word' id='word_1_100' title='bbox 1244 773 1279 811; x_wconf 95' lang='lat' dir='ltr'>id</span> <span class='ocrx_word' id='word_1_101' title='bbox 1291 801 1305 820; x_wconf 90' lang='lat'>,</span> 
     </span>
     <span class='ocr_line' id='line_1_13' title="bbox 32 822 1305 878; baseline 0.001 -13"><span class='ocrx_word' id='word_1_102' title='bbox 32 826 140 878; x_wconf 91' lang='lat' dir='ltr'>quod</span> <span class='ocrx_word' id='word_1_103' title='bbox 155 826 423 878; x_wconf 84' lang='lat' dir='ltr'>amputaveris</span> <span class='ocrx_word' id='word_1_104' title='bbox 434 854 444 871; x_wconf 87' lang='lat'>‚</span> <span class='ocrx_word' id='word_1_105' title='bbox 467 825 657 864; x_wconf 87' lang='lat' dir='ltr'>continuo</span> <span class='ocrx_word' id='word_1_106' title='bbox 676 822 904 863; x_wconf 84' lang='lat' dir='ltr'>renascitur:</span> <span class='ocrx_word' id='word_1_107' title='bbox 929 837 1010 876; x_wconf 92' lang='lat' dir='ltr'>quo</span> <span class='ocrx_word' id='word_1_108' title='bbox 1032 823 1138 863; x_wconf 89' lang='lat' dir='ltr'>sensu</span> <span class='ocrx_word' id='word_1_109' title='bbox 1163 837 1305 866; x_wconf 86' lang='lat' dir='ltr'>notum</span> 
     </span>
     <span class='ocr_line' id='line_1_14' title="bbox 32 876 1307 932; baseline 0.002 -14"><span class='ocrx_word' id='word_1_110' title='bbox 32 879 87 918; x_wconf 88' lang='lat' dir='ltr'>est</span> <span class='ocrx_word' id='word_1_111' title='bbox 100 880 220 932; x_wconf 81' lang='grc' dir='ltr'><strong><em>φέρειν</em></strong></span> <span class='ocrx_word' id='word_1_112' title='bbox 242 879 388 924; x_wconf 72' lang='grc' dir='ltr'>πόνους,</span> <span class='ocrx_word' id='word_1_113' title='bbox 410 880 447 917; x_wconf 92' lang='lat' dir='ltr'>id</span> <span class='ocrx_word' id='word_1_114' title='bbox 466 879 572 930; x_wconf 85' lang='lat' dir='ltr'>quod</span> <span class='ocrx_word' id='word_1_115' title='bbox 587 890 668 918; x_wconf 89' lang='lat' dir='ltr'>non</span> <span class='ocrx_word' id='word_1_116' title='bbox 685 890 790 917; x_wconf 86' lang='lat' dir='ltr'>mera</span> <span class='ocrx_word' id='word_1_117' title='bbox 805 876 858 916; x_wconf 92' lang='lat' dir='ltr'>est</span> <span class='ocrx_word' id='word_1_118' title='bbox 878 877 1022 930; x_wconf 77' lang='lat' dir='ltr'>pastio,</span> <span class='ocrx_word' id='word_1_119' title='bbox 1041 877 1102 917; x_wconf 91' lang='lat' dir='ltr'>sed</span> <span class='ocrx_word' id='word_1_120' title='bbox 1126 880 1164 918; x_wconf 86' lang='lat'>&amp;</span> <span class='ocrx_word' id='word_1_121' title='bbox 1183 879 1307 920; x_wconf 68' lang='lat' dir='ltr'>afflo-</span> 
     </span>
     <span class='ocr_line' id='line_1_15' title="bbox 33 931 1309 984; baseline 0.002 -12"><span class='ocrx_word' id='word_1_122' title='bbox 33 946 122 972; x_wconf 90' lang='lat' dir='ltr'>nem</span> <span class='ocrx_word' id='word_1_123' title='bbox 145 933 333 979; x_wconf 75' lang='lat' dir='ltr'>involvit,</span> <span class='ocrx_word' id='word_1_124' title='bbox 360 932 536 972; x_wconf 87' lang='lat' dir='ltr'>veluti&amp;</span> <span class='ocrx_word' id='word_1_125' title='bbox 551 933 731 983; x_wconf 70' lang='grc' dir='ltr'><strong><em>πάσχειν</em></strong></span> <span class='ocrx_word' id='word_1_126' title='bbox 751 932 796 970; x_wconf 81' lang='lat' dir='ltr'>de</span> <span class='ocrx_word' id='word_1_127' title='bbox 811 944 874 980; x_wconf 83' lang='lat' dir='ltr'>eo,</span> <span class='ocrx_word' id='word_1_128' title='bbox 889 933 956 984; x_wconf 89' lang='lat' dir='ltr'>qui</span> <span class='ocrx_word' id='word_1_129' title='bbox 974 931 1086 978; x_wconf 82' lang='lat' dir='ltr'>facit,</span> <span class='ocrx_word' id='word_1_130' title='bbox 1103 931 1309 975; x_wconf 86' lang='lat' dir='ltr'>Demosth.</span> 
     </span>
     <span class='ocr_line' id='line_1_16' title="bbox 32 984 1310 1039; baseline 0 -13"><span class='ocrx_word' id='word_1_131' title='bbox 32 986 212 1026; x_wconf 83' lang='lat' dir='ltr'>adversus</span> <span class='ocrx_word' id='word_1_132' title='bbox 227 987 377 1039; x_wconf 83' lang='lat' dir='ltr'>Leptin.</span> <span class='ocrx_word' id='word_1_133' title='bbox 396 1001 432 1039; x_wconf 92' lang='lat' dir='ltr'>p.</span> <span class='ocrx_word' id='word_1_134' title='bbox 450 985 561 1025; x_wconf 87' lang='lat' dir='ltr'>Paris.</span> <span class='ocrx_word' id='word_1_135' title='bbox 582 986 653 1037; x_wconf 86' lang='lat'>562</span> <span class='ocrx_word' id='word_1_136' title='bbox 674 986 723 1024; x_wconf 89' lang='lat' dir='ltr'>A.</span> <span class='ocrx_word' id='word_1_137' title='bbox 743 985 801 1024; x_wconf 66' lang='grc' dir='ltr'><strong><em>ὅτι</em></strong></span> <span class='ocrx_word' id='word_1_138' title='bbox 821 986 1059 1025; x_wconf 67' lang='grc' dir='ltr'><strong><em>παντάπασι</em></strong></span> <span class='ocrx_word' id='word_1_139' title='bbox 1073 984 1223 1035; x_wconf 77' lang='grc' dir='ltr'><em>φύσεως</em></span> <span class='ocrx_word' id='word_1_140' title='bbox 1235 1001 1310 1026; x_wconf 75' lang='grc' dir='ltr'><strong><em>κοι-</em></strong></span> 
     </span>
     <span class='ocr_line' id='line_1_17' title="bbox 33 1035 1310 1091; baseline -0.005 -12"><span class='ocrx_word' id='word_1_141' title='bbox 33 1041 119 1080; x_wconf 81' lang='grc' dir='ltr'><strong><em>κίοις</em></strong></span> <span class='ocrx_word' id='word_1_142' title='bbox 133 1040 280 1091; x_wconf 73' lang='grc' dir='ltr'><strong><em>σημεῖόν</em></strong></span> <span class='ocrx_word' id='word_1_143' title='bbox 293 1041 394 1079; x_wconf 76' lang='grc' dir='ltr'><strong><em>ἐστιν</em></strong></span> <span class='ocrx_word' id='word_1_144' title='bbox 411 1040 427 1078; x_wconf 80' lang='grc' dir='ltr'><em>ὃ</em></span> <span class='ocrx_word' id='word_1_145' title='bbox 442 1039 582 1089; x_wconf 77' lang='grc' dir='ltr'>φθόνος·</span> <span class='ocrx_word' id='word_1_146' title='bbox 598 1039 662 1077; x_wconf 73' lang='grc' dir='ltr'>καὶ</span> <span class='ocrx_word' id='word_1_147' title='bbox 679 1035 744 1078; x_wconf 70' lang='grc' dir='ltr'>οὐκ</span> <span class='ocrx_word' id='word_1_148' title='bbox 756 1039 844 1090; x_wconf 75' lang='grc' dir='ltr'><strong><em>ἔχει</em></strong></span> <span class='ocrx_word' id='word_1_149' title='bbox 856 1038 1054 1091; x_wconf 74' lang='grc' dir='ltr'><strong><em>πρόφασιν,</em></strong></span> <span class='ocrx_word' id='word_1_150' title='bbox 1066 1039 1093 1078; x_wconf 63' lang='grc' dir='ltr'><em>Σ</em></span> <span class='ocrx_word' id='word_1_151' title='bbox 1097 1040 1120 1078; x_wconf 89' lang='grc' dir='ltr'><strong><em>ι’</em></strong></span> <span class='ocrx_word' id='word_1_152' title='bbox 1133 1039 1173 1079; x_wconf 68' lang='grc' dir='ltr'><strong><em>ἣν</em></strong></span> <span class='ocrx_word' id='word_1_153' title='bbox 1185 1041 1228 1080; x_wconf 75' lang='grc' dir='ltr'><strong><em>ἂν</em></strong></span> <span class='ocrx_word' id='word_1_154' title='bbox 1239 1041 1310 1080; x_wconf 77' lang='grc' dir='ltr'>τὺ-</span> 
     </span>
     <span class='ocr_line' id='line_1_18' title="bbox 36 1091 1309 1147; baseline 0.002 -16"><span class='ocrx_word' id='word_1_155' title='bbox 36 1107 97 1147; x_wconf 61' lang='grc' dir='ltr'>χιι</span> <span class='ocrx_word' id='word_1_156' title='bbox 113 1095 347 1147; x_wconf 65' lang='grc' dir='ltr'><strong><em>συγγνώμης</em></strong></span> <span class='ocrx_word' id='word_1_157' title='bbox 359 1094 374 1133; x_wconf 82' lang='grc' dir='ltr'>ὁ</span> <span class='ocrx_word' id='word_1_158' title='bbox 387 1093 501 1132; x_wconf 77' lang='grc' dir='ltr'><em>τοῦτο</em></span> <span class='ocrx_word' id='word_1_159' title='bbox 525 1091 724 1132; x_wconf 70' lang='grc' dir='ltr'><em>πεπονθώς.</em></span> <span class='ocrx_word' id='word_1_160' title='bbox 740 1093 837 1143; x_wconf 82' lang='lat' dir='ltr'>Quia</span> <span class='ocrx_word' id='word_1_161' title='bbox 851 1095 986 1133; x_wconf 80' lang='lat' dir='ltr'>omnino</span> <span class='ocrx_word' id='word_1_162' title='bbox 1001 1094 1190 1146; x_wconf 76' lang='lat' dir='ltr'>pravitatis</span> <span class='ocrx_word' id='word_1_163' title='bbox 1203 1108 1309 1134; x_wconf 82' lang='lat' dir='ltr'>natu-</span> 
     </span>
     <span class='ocr_line' id='line_1_19' title="bbox 37 1147 1306 1202; baseline 0 -14"><span class='ocrx_word' id='word_1_164' title='bbox 37 1163 95 1188; x_wconf 83' lang='lat' dir='ltr'>rae</span> <span class='ocrx_word' id='word_1_165' title='bbox 108 1148 267 1187; x_wconf 82' lang='lat' dir='ltr'>indicium</span> <span class='ocrx_word' id='word_1_166' title='bbox 282 1151 324 1202; x_wconf 85' lang='lat' dir='ltr'>est</span> <span class='ocrx_word' id='word_1_167' title='bbox 336 1148 465 1186; x_wconf 81' lang='lat' dir='ltr'>invidia</span> <span class='ocrx_word' id='word_1_168' title='bbox 468 1162 484 1195; x_wconf 88' lang='lat'>,·</span> <span class='ocrx_word' id='word_1_169' title='bbox 497 1162 554 1187; x_wconf 86' lang='lat' dir='ltr'>nec</span> <span class='ocrx_word' id='word_1_170' title='bbox 565 1148 637 1186; x_wconf 84' lang='lat' dir='ltr'>ulla</span> <span class='ocrx_word' id='word_1_171' title='bbox 651 1147 754 1198; x_wconf 81' lang='lat' dir='ltr'>caufiz</span> <span class='ocrx_word' id='word_1_172' title='bbox 767 1148 822 1199; x_wconf 82' lang='lat' dir='ltr'>est,</span> <span class='ocrx_word' id='word_1_173' title='bbox 839 1148 880 1185; x_wconf 86' lang='lat' dir='ltr'>ob</span> <span class='ocrx_word' id='word_1_174' title='bbox 900 1162 1012 1199; x_wconf 84' lang='lat' dir='ltr'>quam,</span> <span class='ocrx_word' id='word_1_175' title='bbox 1028 1147 1085 1200; x_wconf 81' lang='lat' dir='ltr'>qui</span> <span class='ocrx_word' id='word_1_176' title='bbox 1100 1149 1186 1186; x_wconf 78' lang='lat' dir='ltr'>talia</span> <span class='ocrx_word' id='word_1_177' title='bbox 1190 1147 1285 1200; x_wconf 68' lang='lat' dir='ltr'>flacit</span> <span class='ocrx_word' id='word_1_178' title='bbox 1290 1181 1306 1198; x_wconf 88' lang='lat'><em>,</em></span> 
     </span>
     <span class='ocr_line' id='line_1_20' title="bbox 32 1200 1312 1254; baseline 0.002 -14"><span class='ocrx_word' id='word_1_179' title='bbox 32 1201 88 1254; x_wconf 80' lang='grc' dir='ltr'>(ἰ.</span> <span class='ocrx_word' id='word_1_180' title='bbox 104 1214 138 1240; x_wconf 86' lang='lat' dir='ltr'>e.</span> <span class='ocrx_word' id='word_1_181' title='bbox 159 1204 256 1242; x_wconf 85' lang='lat' dir='ltr'>homo</span> <span class='ocrx_word' id='word_1_182' title='bbox 275 1201 433 1254; x_wconf 69' lang='lat' dir='ltr'>invidus)</span> <span class='ocrx_word' id='word_1_183' title='bbox 455 1201 587 1240; x_wconf 79' lang='lat' dir='ltr'>veniam</span> <span class='ocrx_word' id='word_1_184' title='bbox 609 1200 832 1253; x_wconf 76' lang='lat' dir='ltr'>adipiscatur.</span> <span class='ocrx_word' id='word_1_185' title='bbox 847 1200 903 1239; x_wconf 86' lang='lat' dir='ltr'>Ibi</span> <span class='ocrx_word' id='word_1_186' title='bbox 926 1202 1116 1241; x_wconf 68' lang='grc' dir='ltr'>πεπονθὼς</span> <span class='ocrx_word' id='word_1_187' title='bbox 1137 1214 1217 1241; x_wconf 87' lang='lat' dir='ltr'>non</span> <span class='ocrx_word' id='word_1_188' title='bbox 1233 1203 1312 1253; x_wconf 85' lang='lat' dir='ltr'>est,</span> 
     </span>
     <span class='ocr_line' id='line_1_21' title="bbox 35 1253 1312 1310; baseline 0.002 -16"><span class='ocrx_word' id='word_1_189' title='bbox 35 1255 104 1307; x_wconf 91' lang='lat' dir='ltr'>qui</span> <span class='ocrx_word' id='word_1_190' title='bbox 118 1256 297 1294; x_wconf 82' lang='lat' dir='ltr'>invidiam</span> <span class='ocrx_word' id='word_1_191' title='bbox 314 1255 413 1295; x_wconf 87' lang='lat' dir='ltr'>subit</span> <span class='ocrx_word' id='word_1_192' title='bbox 424 1266 490 1294; x_wconf 83' lang='lat' dir='ltr'>aut</span> <span class='ocrx_word' id='word_1_193' title='bbox 503 1255 661 1307; x_wconf 89' lang='lat' dir='ltr'>patitur,</span> <span class='ocrx_word' id='word_1_194' title='bbox 674 1253 734 1294; x_wconf 86' lang='lat' dir='ltr'>sed</span> <span class='ocrx_word' id='word_1_195' title='bbox 747 1255 812 1306; x_wconf 88' lang='lat' dir='ltr'>qui</span> <span class='ocrx_word' id='word_1_196' title='bbox 822 1254 930 1294; x_wconf 83' lang='lat' dir='ltr'>alteri</span> <span class='ocrx_word' id='word_1_197' title='bbox 944 1256 1099 1295; x_wconf 89' lang='lat' dir='ltr'>invidet.</span> <span class='ocrx_word' id='word_1_198' title='bbox 1112 1255 1216 1295; x_wconf 86' lang='lat' dir='ltr'>Licet</span> <span class='ocrx_word' id='word_1_199' title='bbox 1230 1258 1312 1310; x_wconf 88' lang='lat' dir='ltr'>pas-</span> 
     </span>
     <span class='ocr_line' id='line_1_22' title="bbox 35 1309 1311 1364; baseline 0.001 -16"><span class='ocrx_word' id='word_1_200' title='bbox 35 1309 93 1349; x_wconf 86' lang='lat' dir='ltr'>fio</span> <span class='ocrx_word' id='word_1_201' title='bbox 106 1321 185 1349; x_wconf 90' lang='lat' dir='ltr'>non</span> <span class='ocrx_word' id='word_1_202' title='bbox 199 1310 295 1349; x_wconf 88' lang='lat' dir='ltr'>adeo</span> <span class='ocrx_word' id='word_1_203' title='bbox 308 1309 550 1354; x_wconf 78' lang='lat' dir='ltr'>exciudatur‚</span> <span class='ocrx_word' id='word_1_204' title='bbox 562 1310 655 1361; x_wconf 88' lang='lat' dir='ltr'>quin</span> <span class='ocrx_word' id='word_1_205' title='bbox 669 1309 819 1347; x_wconf 79' lang='lat' dir='ltr'>animus</span> <span class='ocrx_word' id='word_1_206' title='bbox 833 1309 953 1349; x_wconf 87' lang='lat' dir='ltr'>invidi</span> <span class='ocrx_word' id='word_1_207' title='bbox 964 1309 1138 1349; x_wconf 88' lang='lat' dir='ltr'>dolorem</span> <span class='ocrx_word' id='word_1_208' title='bbox 1151 1321 1217 1349; x_wconf 86' lang='lat' dir='ltr'>aut</span> <span class='ocrx_word' id='word_1_209' title='bbox 1230 1325 1311 1364; x_wconf 84' lang='lat' dir='ltr'>per-</span> 
     </span>
     <span class='ocr_line' id='line_1_23' title="bbox 36 1362 1306 1413; baseline 0.002 -12"><span class='ocrx_word' id='word_1_210' title='bbox 36 1363 296 1403; x_wconf 83' lang='lat' dir='ltr'>turbationem</span> <span class='ocrx_word' id='word_1_211' title='bbox 311 1364 543 1413; x_wconf 83' lang='lat' dir='ltr'>experiatur.</span> <span class='ocrx_word' id='word_1_212' title='bbox 555 1362 616 1402; x_wconf 91' lang='lat' dir='ltr'>Sic</span> <span class='ocrx_word' id='word_1_213' title='bbox 631 1363 845 1402; x_wconf 83' lang='lat' dir='ltr'>Herodian.</span> <span class='ocrx_word' id='word_1_214' title='bbox 861 1362 902 1408; x_wconf 92' lang='lat'>1,</span> <span class='ocrx_word' id='word_1_215' title='bbox 917 1377 976 1413; x_wconf 84' lang='lat'>17,</span> <span class='ocrx_word' id='word_1_216' title='bbox 991 1377 1038 1402; x_wconf 88' lang='lat'>22</span> <span class='ocrx_word' id='word_1_217' title='bbox 1049 1394 1062 1410; x_wconf 92' lang='lat'><em>,</em></span> <span class='ocrx_word' id='word_1_218' title='bbox 1076 1364 1185 1402; x_wconf 74' lang='grc' dir='ltr'><strong><em>εἰώθει</em></strong></span> <span class='ocrx_word' id='word_1_219' title='bbox 1201 1364 1246 1404; x_wconf 67' lang='grc' dir='ltr'>Σὲ</span> <span class='ocrx_word' id='word_1_220' title='bbox 1260 1387 1306 1396; x_wconf 89' lang='grc'>-</span> 
     </span>
     <span class='ocr_line' id='line_1_24' title="bbox 35 1413 1314 1471; baseline 0.002 -16"><span class='ocrx_word' id='word_1_221' title='bbox 35 1415 149 1455; x_wconf 73' lang='grc' dir='ltr'><em>τοῦτο</em></span> <span class='ocrx_word' id='word_1_222' title='bbox 164 1418 339 1471; x_wconf 75' lang='grc' dir='ltr'><strong><em>πάσχειν</em></strong></span> <span class='ocrx_word' id='word_1_223' title='bbox 355 1417 370 1456; x_wconf 80' lang='grc' dir='ltr'><em>ὃ</em></span> <span class='ocrx_word' id='word_1_224' title='bbox 386 1416 583 1467; x_wconf 52' lang='lat' dir='ltr'>Mlti-⁴⁰3⁸&amp;</span> <span class='ocrx_word' id='word_1_225' title='bbox 599 1413 670 1456; x_wconf 65' lang='grc' dir='ltr'>ὑπὸ</span> <span class='ocrx_word' id='word_1_226' title='bbox 686 1416 919 1468; x_wconf 71' lang='grc' dir='ltr'><strong><em>Κροιιποὶλνις·</em></strong></span> <span class='ocrx_word' id='word_1_227' title='bbox 933 1418 1039 1470; x_wconf 91' lang='lat' dir='ltr'>quod</span> <span class='ocrx_word' id='word_1_228' title='bbox 1059 1418 1108 1457; x_wconf 89' lang='lat' dir='ltr'>ibi</span> <span class='ocrx_word' id='word_1_229' title='bbox 1121 1418 1236 1469; x_wconf 77' lang='lat' dir='ltr'>fhcere</span> <span class='ocrx_word' id='word_1_230' title='bbox 1247 1431 1314 1459; x_wconf 66' lang='lat' dir='ltr'>red</span> 
     </span>
     <span class='ocr_line' id='line_1_25' title="bbox 37 1469 1310 1524; baseline 0.002 -14"><span class='ocrx_word' id='word_1_231' title='bbox 37 1469 98 1510; x_wconf 67' lang='lat' dir='ltr'>&amp;e</span> <span class='ocrx_word' id='word_1_232' title='bbox 113 1472 287 1519; x_wconf 85' lang='lat' dir='ltr'>vertitur,</span> <span class='ocrx_word' id='word_1_233' title='bbox 303 1473 390 1523; x_wconf 68' lang='grc' dir='ltr'>ᾳυὶἓ</span> <span class='ocrx_word' id='word_1_234' title='bbox 396 1471 554 1522; x_wconf 83' lang='lat' dir='ltr'>somnum</span> <span class='ocrx_word' id='word_1_235' title='bbox 564 1485 678 1523; x_wconf 78' lang='lat' dir='ltr'>capere</span> <span class='ocrx_word' id='word_1_236' title='bbox 689 1499 703 1516; x_wconf 86' lang='grc'>,</span> <span class='ocrx_word' id='word_1_237' title='bbox 718 1472 821 1523; x_wconf 84' lang='lat' dir='ltr'>quieti</span> <span class='ocrx_word' id='word_1_238' title='bbox 826 1470 866 1521; x_wconf 86' lang='lat' dir='ltr'>se</span> <span class='ocrx_word' id='word_1_239' title='bbox 879 1473 974 1517; x_wconf 65' lang='lat' dir='ltr'>dare,</span> <span class='ocrx_word' id='word_1_240' title='bbox 991 1471 1230 1524; x_wconf 77' lang='lat' dir='ltr'>intelligitur,</span> <span class='ocrx_word' id='word_1_241' title='bbox 1243 1474 1310 1512; x_wconf 85' lang='lat' dir='ltr'>ubi</span> 
     </span>
     <span class='ocr_line' id='line_1_26' title="bbox 37 1524 1308 1578; baseline 0.003 -16"><span class='ocrx_word' id='word_1_242' title='bbox 37 1536 163 1577; x_wconf 89' lang='lat' dir='ltr'>aeque</span> <span class='ocrx_word' id='word_1_243' title='bbox 181 1526 364 1578; x_wconf 84' lang='lat' dir='ltr'>implicita</span> <span class='ocrx_word' id='word_1_244' title='bbox 376 1525 429 1564; x_wconf 90' lang='lat' dir='ltr'>est</span> <span class='ocrx_word' id='word_1_245' title='bbox 448 1524 609 1564; x_wconf 81' lang='lat' dir='ltr'>faciendi</span> <span class='ocrx_word' id='word_1_246' title='bbox 627 1535 743 1576; x_wconf 87' lang='lat' dir='ltr'>atque</span> <span class='ocrx_word' id='word_1_247' title='bbox 757 1525 922 1575; x_wconf 84' lang='lat' dir='ltr'>patiendi</span> <span class='ocrx_word' id='word_1_248' title='bbox 935 1524 1106 1565; x_wconf 79' lang='lat' dir='ltr'>facultas.</span> <span class='ocrx_word' id='word_1_249' title='bbox 1121 1525 1270 1566; x_wconf 86' lang='lat' dir='ltr'>Confer</span> <span class='ocrx_word' id='word_1_250' title='bbox 1289 1541 1308 1566; x_wconf 85' lang='lat'>1</span> 
     </span>
     <span class='ocr_line' id='line_1_27' title="bbox 39 1577 1314 1631; baseline 0.002 -15"><span class='ocrx_word' id='word_1_251' title='bbox 39 1578 135 1617; x_wconf 92' lang='lat' dir='ltr'>Ver.</span> <span class='ocrx_word' id='word_1_252' title='bbox 149 1579 244 1618; x_wconf 81' lang='lat' dir='ltr'>Hist.</span> <span class='ocrx_word' id='word_1_253' title='bbox 261 1594 297 1627; x_wconf 82' lang='lat'>4.</span> <span class='ocrx_word' id='word_1_254' title='bbox 312 1579 437 1618; x_wconf 89' lang='lat' dir='ltr'>Immo</span> <span class='ocrx_word' id='word_1_255' title='bbox 449 1579 579 1631; x_wconf 88' lang='lat' dir='ltr'>potius</span> <span class='ocrx_word' id='word_1_256' title='bbox 592 1577 805 1617; x_wconf 77' lang='lat' dir='ltr'>Hemsserh.</span> <span class='ocrx_word' id='word_1_257' title='bbox 821 1578 868 1616; x_wconf 82' lang='lat' dir='ltr'>ad</span> <span class='ocrx_word' id='word_1_258' title='bbox 882 1578 1074 1618; x_wconf 87' lang='lat' dir='ltr'>Prometh.</span> <span class='ocrx_word' id='word_1_259' title='bbox 1091 1578 1114 1618; x_wconf 93' lang='lat' dir='ltr'>f.</span> <span class='ocrx_word' id='word_1_260' title='bbox 1134 1580 1202 1618; x_wconf 89' lang='lat' dir='ltr'>ubi</span> <span class='ocrx_word' id='word_1_261' title='bbox 1215 1582 1253 1620; x_wconf 86' lang='grc' dir='ltr'>τί</span> <span class='ocrx_word' id='word_1_262' title='bbox 1265 1580 1314 1619; x_wconf 71' lang='grc' dir='ltr'><strong><em>ἂν</em></strong></span> 
     </span>
     <span class='ocr_line' id='line_1_28' title="bbox 38 1630 1311 1686; baseline 0.004 -15"><span class='ocrx_word' id='word_1_263' title='bbox 38 1630 197 1682; x_wconf 71' lang='grc' dir='ltr'><strong><em>πάθοιμι</em></strong></span> <span class='ocrx_word' id='word_1_264' title='bbox 212 1632 323 1686; x_wconf 84' lang='lat' dir='ltr'>plane</span> <span class='ocrx_word' id='word_1_265' title='bbox 340 1645 412 1685; x_wconf 91' lang='lat' dir='ltr'>pro</span> <span class='ocrx_word' id='word_1_266' title='bbox 425 1633 508 1685; x_wconf 85' lang='lat' dir='ltr'>quid</span> <span class='ocrx_word' id='word_1_267' title='bbox 517 1631 683 1682; x_wconf 76' lang='lat' dir='ltr'>faciam?</span> <span class='ocrx_word' id='word_1_268' title='bbox 702 1631 854 1670; x_wconf 87' lang='lat' dir='ltr'>Nemini</span> <span class='ocrx_word' id='word_1_269' title='bbox 869 1643 997 1672; x_wconf 88' lang='lat' dir='ltr'>tamen</span> <span class='ocrx_word' id='word_1_270' title='bbox 1018 1633 1094 1673; x_wconf 93' lang='lat' dir='ltr'>hoc</span> <span class='ocrx_word' id='word_1_271' title='bbox 1114 1635 1311 1676; x_wconf 82' lang='lat' dir='ltr'>obtrudo:</span> 
     </span>
     <span class='ocr_line' id='line_1_29' title="bbox 39 1684 1308 1741; baseline 0.003 -17"><span class='ocrx_word' id='word_1_272' title='bbox 39 1699 128 1725; x_wconf 80' lang='lat' dir='ltr'>nam</span> <span class='ocrx_word' id='word_1_273' title='bbox 141 1699 232 1726; x_wconf 91' lang='lat' dir='ltr'>cum</span> <span class='ocrx_word' id='word_1_274' title='bbox 243 1687 364 1738; x_wconf 80' lang='grc' dir='ltr'><strong><em>φέρειν</em></strong></span> <span class='ocrx_word' id='word_1_275' title='bbox 379 1687 497 1726; x_wconf 88' lang='lat' dir='ltr'>modo</span> <span class='ocrx_word' id='word_1_276' title='bbox 510 1684 555 1724; x_wconf 88' lang='lat' dir='ltr'>fit</span> <span class='ocrx_word' id='word_1_277' title='bbox 567 1685 695 1738; x_wconf 66' lang='lat' dir='ltr'>affirm,</span> <span class='ocrx_word' id='word_1_278' title='bbox 710 1697 754 1724; x_wconf 87' lang='lat' dir='ltr'>ut</span> <span class='ocrx_word' id='word_1_279' title='bbox 768 1699 826 1738; x_wconf 82' lang='lat' dir='ltr'>ap.</span> <span class='ocrx_word' id='word_1_280' title='bbox 840 1686 964 1739; x_wconf 83' lang='lat' dir='ltr'>Long.</span> <span class='ocrx_word' id='word_1_281' title='bbox 979 1686 1073 1726; x_wconf 83' lang='lat' dir='ltr'>Past.</span> <span class='ocrx_word' id='word_1_282' title='bbox 1088 1687 1142 1726; x_wconf 87' lang='lat'>111</span> <span class='ocrx_word' id='word_1_283' title='bbox 1154 1718 1166 1734; x_wconf 93' lang='lat'>,</span> <span class='ocrx_word' id='word_1_284' title='bbox 1182 1703 1219 1741; x_wconf 90' lang='lat' dir='ltr'>p.</span> <span class='ocrx_word' id='word_1_285' title='bbox 1236 1704 1249 1727; x_wconf 93' lang='lat'>1</span> <span class='ocrx_word' id='word_1_286' title='bbox 1259 1703 1279 1728; x_wconf 86' lang='lat'><em>2</em></span> <span class='ocrx_word' id='word_1_287' title='bbox 1289 1704 1308 1741; x_wconf 77' lang='grc' dir='ltr'><em>ς</em></span> 
     </span>
     <span class='ocr_line' id='line_1_30' title="bbox 37 1738 1314 1793; baseline 0.003 -14"><span class='ocrx_word' id='word_1_288' title='bbox 37 1740 96 1780; x_wconf 91' lang='lat' dir='ltr'>ed.</span> <span class='ocrx_word' id='word_1_289' title='bbox 110 1739 301 1793; x_wconf 87' lang='lat' dir='ltr'>Iungerm.</span> <span class='ocrx_word' id='word_1_290' title='bbox 315 1739 476 1791; x_wconf 53' lang='grc' dir='ltr'>δεόμεθα</span> <span class='ocrx_word' id='word_1_291' title='bbox 487 1740 640 1789; x_wconf 76' lang='grc' dir='ltr'><em>Νύμφης</em></span> <span class='ocrx_word' id='word_1_292' title='bbox 652 1738 829 1791; x_wconf 71' lang='grc' dir='ltr'><em>φερούσης</em></span> <span class='ocrx_word' id='word_1_293' title='bbox 840 1754 877 1778; x_wconf 81' lang='grc' dir='ltr'>τι</span> <span class='ocrx_word' id='word_1_294' title='bbox 893 1740 1051 1791; x_wconf 71' lang='grc' dir='ltr'><strong><em>μᾶλλον·</em></strong></span> <span class='ocrx_word' id='word_1_295' title='bbox 1064 1742 1183 1781; x_wconf 89' lang='lat' dir='ltr'>modo</span> <span class='ocrx_word' id='word_1_296' title='bbox 1195 1744 1314 1784; x_wconf 85' lang='lat' dir='ltr'>etiam</span> 
     </span>
     <span class='ocr_line' id='line_1_31' title="bbox 38 1792 1313 1847; baseline 0.002 -13"><span class='ocrx_word' id='word_1_297' title='bbox 38 1792 226 1845; x_wconf 74' lang='lat' dir='ltr'>significet</span> <span class='ocrx_word' id='word_1_298' title='bbox 238 1794 369 1846; x_wconf 65' lang='lat' dir='ltr'>auferre</span> <span class='ocrx_word' id='word_1_299' title='bbox 379 1824 392 1843; x_wconf 89' lang='lat'>,</span> <span class='ocrx_word' id='word_1_300' title='bbox 405 1794 560 1847; x_wconf 89' lang='lat' dir='ltr'>(eodem</span> <span class='ocrx_word' id='word_1_301' title='bbox 572 1794 692 1833; x_wconf 90' lang='lat' dir='ltr'>modo</span> <span class='ocrx_word' id='word_1_302' title='bbox 705 1806 747 1832; x_wconf 86' lang='lat' dir='ltr'>ac</span> <span class='ocrx_word' id='word_1_303' title='bbox 763 1794 938 1835; x_wconf 83' lang='lat' dir='ltr'>Latinum</span> <span class='ocrx_word' id='word_1_304' title='bbox 945 1796 1034 1846; x_wconf 85' lang='lat' dir='ltr'>ferre</span> <span class='ocrx_word' id='word_1_305' title='bbox 1045 1826 1057 1841; x_wconf 92' lang='lat'><em>,</em></span> <span class='ocrx_word' id='word_1_306' title='bbox 1071 1797 1176 1847; x_wconf 89' lang='lat' dir='ltr'>quod</span> <span class='ocrx_word' id='word_1_307' title='bbox 1190 1799 1313 1838; x_wconf 88' lang='lat' dir='ltr'>modo</span> 
     </span>
     <span class='ocr_line' id='line_1_32' title="bbox 39 1847 1314 1904; baseline 0.002 -16"><span class='ocrx_word' id='word_1_308' title='bbox 39 1847 95 1888; x_wconf 86' lang='lat' dir='ltr'>est</span> <span class='ocrx_word' id='word_1_309' title='bbox 107 1847 245 1900; x_wconf 80' lang='lat' dir='ltr'>afferre,</span> <span class='ocrx_word' id='word_1_310' title='bbox 271 1849 389 1888; x_wconf 90' lang='lat' dir='ltr'>modo</span> <span class='ocrx_word' id='word_1_311' title='bbox 406 1847 556 1901; x_wconf 61' lang='lat' dir='ltr'>austra,</span> <span class='ocrx_word' id='word_1_312' title='bbox 582 1858 627 1887; x_wconf 89' lang='lat' dir='ltr'>ut</span> <span class='ocrx_word' id='word_1_313' title='bbox 651 1848 689 1885; x_wconf 88' lang='lat' dir='ltr'>in</span> <span class='ocrx_word' id='word_1_314' title='bbox 707 1848 887 1901; x_wconf 79' lang='lat' dir='ltr'>Ambigg.</span> <span class='ocrx_word' id='word_1_315' title='bbox 907 1848 991 1888; x_wconf 80' lang='lat' dir='ltr'>satis</span> <span class='ocrx_word' id='word_1_316' title='bbox 1013 1850 1206 1904; x_wconf 86' lang='lat' dir='ltr'>diximus)</span> <span class='ocrx_word' id='word_1_317' title='bbox 1225 1853 1314 1892; x_wconf 89' lang='lat' dir='ltr'>ideo</span> 
     </span>
     <span class='ocr_line' id='line_1_33' title="bbox 40 1901 1315 1955; baseline 0.005 -15"><span class='ocrx_word' id='word_1_318' title='bbox 40 1901 252 1955; x_wconf 87' lang='lat' dir='ltr'>posteriore</span> <span class='ocrx_word' id='word_1_319' title='bbox 266 1902 340 1941; x_wconf 88' lang='lat' dir='ltr'>hoc</span> <span class='ocrx_word' id='word_1_320' title='bbox 354 1901 460 1942; x_wconf 89' lang='lat' dir='ltr'>sensu</span> <span class='ocrx_word' id='word_1_321' title='bbox 475 1915 564 1941; x_wconf 89' lang='lat' dir='ltr'>cum</span> <span class='ocrx_word' id='word_1_322' title='bbox 581 1901 698 1941; x_wconf 88' lang='lat' dir='ltr'>Gesn.</span> <span class='ocrx_word' id='word_1_323' title='bbox 713 1902 884 1954; x_wconf 85' lang='lat' dir='ltr'>accipere</span> <span class='ocrx_word' id='word_1_324' title='bbox 900 1904 1040 1943; x_wconf 88' lang='lat' dir='ltr'>malim.</span> <span class='ocrx_word' id='word_1_325' title='bbox 1059 1904 1159 1943; x_wconf 82' lang='lat' dir='ltr'>Nam</span> <span class='ocrx_word' id='word_1_326' title='bbox 1172 1907 1212 1944; x_wconf 65' lang='grc' dir='ltr'>δ(</span> <span class='ocrx_word' id='word_1_327' title='bbox 1225 1906 1315 1947; x_wconf 86' lang='lat' dir='ltr'>hinc</span> 
     </span>
     <span class='ocr_line' id='line_1_34' title="bbox 41 1953 1315 2009; baseline 0.005 -15"><span class='ocrx_word' id='word_1_328' title='bbox 41 1956 159 2008; x_wconf 80' lang='grc' dir='ltr'><strong><em>φέρειν</em></strong></span> <span class='ocrx_word' id='word_1_329' title='bbox 172 1953 372 2004; x_wconf 63' lang='grc' dir='ltr'><em>ἀλλήλους,</em></span> <span class='ocrx_word' id='word_1_330' title='bbox 401 1957 529 2009; x_wconf 82' lang='lat' dir='ltr'>poliare</span> <span class='ocrx_word' id='word_1_331' title='bbox 537 1955 577 2007; x_wconf 88' lang='lat' dir='ltr'>se</span> <span class='ocrx_word' id='word_1_332' title='bbox 590 1957 744 2001; x_wconf 73' lang='lat' dir='ltr'>invicem,</span> <span class='ocrx_word' id='word_1_333' title='bbox 767 1956 829 1995; x_wconf 88' lang='lat' dir='ltr'>vel</span> <span class='ocrx_word' id='word_1_334' title='bbox 843 1958 972 2009; x_wconf 86' lang='lat' dir='ltr'>potius</span> <span class='ocrx_word' id='word_1_335' title='bbox 985 1959 1164 1997; x_wconf 83' lang='lat' dir='ltr'>latrocinia</span> <span class='ocrx_word' id='word_1_336' title='bbox 1181 1974 1315 2000; x_wconf 80' lang='lat' dir='ltr'>exerce·</span> 
     </span>
     <span class='ocr_line' id='line_1_35' title="bbox 41 2009 1315 2064; baseline 0.002 -14"><span class='ocrx_word' id='word_1_337' title='bbox 41 2025 89 2059; x_wconf 85' lang='lat' dir='ltr'>re,</span> <span class='ocrx_word' id='word_1_338' title='bbox 102 2013 250 2063; x_wconf 81' lang='lat' dir='ltr'>praedas</span> <span class='ocrx_word' id='word_1_339' title='bbox 260 2024 373 2062; x_wconf 78' lang='lat' dir='ltr'>agere,·</span> <span class='ocrx_word' id='word_1_340' title='bbox 386 2011 461 2049; x_wconf 92' lang='lat' dir='ltr'>vid.</span> <span class='ocrx_word' id='word_1_341' title='bbox 477 2009 859 2061; x_wconf 72' lang='lat' dir='ltr'>ScholiastThucyd.</span> <span class='ocrx_word' id='word_1_342' title='bbox 872 2011 1071 2064; x_wconf 88' lang='lat' dir='ltr'>ipsumque</span> <span class='ocrx_word' id='word_1_343' title='bbox 1083 2013 1266 2064; x_wconf 81' lang='lat' dir='ltr'>Thucyd.</span> <span class='ocrx_word' id='word_1_344' title='bbox 1280 2014 1315 2062; x_wconf 76' lang='grc' dir='ltr'>Ι,</span> 
     </span>
     <span class='ocr_line' id='line_1_36' title="bbox 42 2063 1316 2120; baseline 0.002 -16"><span class='ocrx_word' id='word_1_345' title='bbox 42 2076 77 2104; x_wconf 88' lang='lat' dir='ltr'>c.</span> <span class='ocrx_word' id='word_1_346' title='bbox 94 2078 132 2113; x_wconf 88' lang='lat'>7.</span> <span class='ocrx_word' id='word_1_347' title='bbox 146 2064 296 2105; x_wconf 89' lang='lat' dir='ltr'>Locum</span> <span class='ocrx_word' id='word_1_348' title='bbox 309 2065 430 2104; x_wconf 90' lang='lat' dir='ltr'>Hom.</span> <span class='ocrx_word' id='word_1_349' title='bbox 441 2063 484 2104; x_wconf 90' lang='lat' dir='ltr'>ll.</span> <span class='ocrx_word' id='word_1_350' title='bbox 497 2069 519 2102; x_wconf 89' lang='lat' dir='ltr'>B</span> <span class='ocrx_word' id='word_1_351' title='bbox 531 2093 542 2111; x_wconf 89' lang='lat'>‚</span> <span class='ocrx_word' id='word_1_352' title='bbox 559 2077 648 2116; x_wconf 85' lang='lat'>302,</span> <span class='ocrx_word' id='word_1_353' title='bbox 663 2063 757 2102; x_wconf 86' lang='lat' dir='ltr'>lens.</span> <span class='ocrx_word' id='word_1_354' title='bbox 772 2065 884 2103; x_wconf 86' lang='lat' dir='ltr'>etiam</span> <span class='ocrx_word' id='word_1_355' title='bbox 900 2066 1030 2118; x_wconf 81' lang='lat' dir='ltr'>postea</span> <span class='ocrx_word' id='word_1_356' title='bbox 1044 2066 1244 2120; x_wconf 79' lang='lat' dir='ltr'>adscripsit,</span> <span class='ocrx_word' id='word_1_357' title='bbox 1257 2068 1316 2115; x_wconf 72' lang='grc' dir='ltr'>δι,</span> 
     </span>
     <span class='ocr_line' id='line_1_37' title="bbox 43 2117 884 2171; baseline -0.001 -12"><span class='ocrx_word' id='word_1_358' title='bbox 43 2117 242 2170; x_wconf 85' lang='lat' dir='ltr'>vulgatam</span> <span class='ocrx_word' id='word_1_359' title='bbox 258 2118 310 2157; x_wconf 66' lang='grc' dir='ltr'><strong><em>[ιε</em></strong></span> <span class='ocrx_word' id='word_1_360' title='bbox 321 2117 417 2158; x_wconf 89' lang='lat' dir='ltr'>stare</span> <span class='ocrx_word' id='word_1_361' title='bbox 433 2117 560 2171; x_wconf 85' lang='lat' dir='ltr'>poffe,</span> <span class='ocrx_word' id='word_1_362' title='bbox 574 2119 721 2156; x_wconf 88' lang='lat' dir='ltr'>addidit.</span> <span class='ocrx_word' id='word_1_363' title='bbox 736 2118 884 2158; x_wconf 59' lang='lat' dir='ltr'>Rem-z.</span> 
     </span>
    </p>

    <p class='ocr_par' dir='ltr' id='par_1_6' title="bbox 97 2169 1315 2226">
     <span class='ocr_line' id='line_1_38' title="bbox 97 2169 1315 2226; baseline 0.006 -16"><span class='ocrx_word' id='word_1_364' title='bbox 97 2172 135 2211; x_wconf 83' lang='lat' dir='ltr'>in</span> <span class='ocrx_word' id='word_1_365' title='bbox 148 2173 262 2212; x_wconf 77' lang='lat' dir='ltr'><em>schol.</em></span> <span class='ocrx_word' id='word_1_366' title='bbox 281 2173 345 2212; x_wconf 88' lang='lat' dir='ltr'>col.</span> <span class='ocrx_word' id='word_1_367' title='bbox 363 2186 393 2211; x_wconf 88' lang='lat'>1.</span> <span class='ocrx_word' id='word_1_368' title='bbox 411 2174 433 2211; x_wconf 85' lang='grc' dir='ltr'><strong><em>ι’.</em></strong></span> <span class='ocrx_word' id='word_1_369' title='bbox 453 2185 484 2223; x_wconf 82' lang='lat'>5.</span> <span class='ocrx_word' id='word_1_370' title='bbox 505 2173 617 2222; x_wconf 69' lang='grc' dir='ltr'>Παρὰ</span> <span class='ocrx_word' id='word_1_371' title='bbox 639 2172 676 2211; x_wconf 66' lang='lat'>‹9’</span> <span class='ocrx_word' id='word_1_372' title='bbox 692 2169 792 2225; x_wconf 72' lang='grc' dir='ltr'><strong><em>ἐέτοι)</em></strong></span> <span class='ocrx_word' id='word_1_373' title='bbox 808 2173 1150 2226; x_wconf 73' lang='lat' dir='ltr'>Apophthegmata</span> <span class='ocrx_word' id='word_1_374' title='bbox 1164 2174 1257 2215; x_wconf 85' lang='lat' dir='ltr'>haec</span> <span class='ocrx_word' id='word_1_375' title='bbox 1272 2177 1315 2218; x_wconf 75' lang='lat' dir='ltr'>ini</span> 
     </span>
    </p>
   </div>
   <div class='ocr_carea' id='block_1_6' title="bbox 0 2223 1259 2292">
    <p class='ocr_par' dir='ltr' id='par_1_7' title="bbox 0 2223 1259 2292">
     <span class='ocr_line' id='line_1_39' title="bbox 0 2223 1259 2292; baseline 0.002 -25"><span class='ocrx_word' id='word_1_376' title='bbox 0 2223 1 2243; x_wconf 63' lang='lat'>³</span> <span class='ocrx_word' id='word_1_377' title='bbox 42 2225 179 2267; x_wconf 88' lang='lat' dir='ltr'>versus</span> <span class='ocrx_word' id='word_1_378' title='bbox 194 2226 344 2266; x_wconf 61' lang='lat' dir='ltr'>redacta</span> <span class='ocrx_word' id='word_1_379' title='bbox 357 2226 459 2279; x_wconf 83' lang='lat' dir='ltr'>legas</span> <span class='ocrx_word' id='word_1_380' title='bbox 471 2228 510 2266; x_wconf 90' lang='lat' dir='ltr'>in</span> <span class='ocrx_word' id='word_1_381' title='bbox 529 2226 741 2289; x_wconf 70' lang='lat' dir='ltr'>Autholog.</span> <span class='ocrx_word' id='word_1_382' title='bbox 756 2226 798 2265; x_wconf 91' lang='lat' dir='ltr'>L.</span> <span class='ocrx_word' id='word_1_383' title='bbox 814 2227 852 2287; x_wconf 68' lang='lat' dir='ltr'>I?</span> <span class='ocrx_word' id='word_1_384' title='bbox 863 2240 899 2266; x_wconf 89' lang='lat' dir='ltr'>c.</span> <span class='ocrx_word' id='word_1_385' title='bbox 915 2228 979 2276; x_wconf 86' lang='lat'>86,</span> <span class='ocrx_word' id='word_1_386' title='bbox 993 2230 1031 2274; x_wconf 90' lang='lat'>6,</span> <span class='ocrx_word' id='word_1_387' title='bbox 1045 2242 1147 2292; x_wconf 55' lang='lat' dir='ltr'>p3m.</span> <span class='ocrx_word' id='word_1_388' title='bbox 1164 2243 1259 2282; x_wconf 85' lang='lat'>247:</span> 
     </span>
    </p>
   </div>
   <div class='ocr_carea' id='block_1_7' title="bbox 95 2279 1125 2551">
    <p class='ocr_par' dir='ltr' id='par_1_8' title="bbox 99 2279 1125 2442">
     <span class='ocr_line' id='line_1_40' title="bbox 99 2279 1125 2332; baseline 0.002 -13"><span class='ocrx_word' id='word_1_389' title='bbox 99 2280 223 2319; x_wconf 72' lang='grc' dir='ltr'><strong><em>Ἐπτὲι</em></strong></span> <span class='ocrx_word' id='word_1_390' title='bbox 237 2279 354 2327; x_wconf 68' lang='grc' dir='ltr'><strong><em>σοφῶν</em></strong></span> <span class='ocrx_word' id='word_1_391' title='bbox 369 2281 450 2332; x_wconf 75' lang='grc' dir='ltr'>ἐρέω</span> <span class='ocrx_word' id='word_1_392' title='bbox 468 2280 554 2319; x_wconf 65' lang='grc' dir='ltr'>κατ’</span> <span class='ocrx_word' id='word_1_393' title='bbox 569 2281 656 2320; x_wconf 72' lang='grc' dir='ltr'><em>έπος</em></span> <span class='ocrx_word' id='word_1_394' title='bbox 675 2282 800 2325; x_wconf 77' lang='grc' dir='ltr'><strong><em>πόλιν,</em></strong></span> <span class='ocrx_word' id='word_1_395' title='bbox 815 2282 971 2330; x_wconf 59' lang='lat' dir='ltr'>euveum,</span> <span class='ocrx_word' id='word_1_396' title='bbox 989 2296 1125 2332; x_wconf 77' lang='grc' dir='ltr'><strong><em>φωνην.</em></strong></span> 
     </span>
     <span class='ocr_line' id='line_1_41' title="bbox 100 2330 1037 2386; baseline 0.002 -14"><span class='ocrx_word' id='word_1_397' title='bbox 100 2335 241 2386; x_wconf 81' lang='grc' dir='ltr'><strong><em>Μέτρον</em></strong></span> <span class='ocrx_word' id='word_1_398' title='bbox 253 2336 322 2383; x_wconf 81' lang='grc' dir='ltr'><strong><em>μὲν</em></strong></span> <span class='ocrx_word' id='word_1_399' title='bbox 337 2333 584 2380; x_wconf 73' lang='grc' dir='ltr'><em>Κλεόβουλοςὸ</em></span> <span class='ocrx_word' id='word_1_400' title='bbox 599 2334 739 2373; x_wconf 55' lang='grc' dir='ltr'><strong><em>Λίνέιος</em></strong></span> <span class='ocrx_word' id='word_1_401' title='bbox 756 2330 859 2374; x_wconf 71' lang='grc' dir='ltr'><strong><em>εἶπεν</em></strong></span> <span class='ocrx_word' id='word_1_402' title='bbox 874 2333 1037 2386; x_wconf 68' lang='grc' dir='ltr'><strong><em>ἄριστον·</em></strong></span> 
     </span>
     <span class='ocr_line' id='line_1_42' title="bbox 100 2387 1031 2442; baseline 0.001 -16"><span class='ocrx_word' id='word_1_403' title='bbox 100 2388 220 2426; x_wconf 79' lang='grc' dir='ltr'><strong><em>Χίλων</em></strong></span> <span class='ocrx_word' id='word_1_404' title='bbox 236 2388 274 2428; x_wconf 54' lang='grc' dir='ltr'>θ’</span> <span class='ocrx_word' id='word_1_405' title='bbox 289 2387 322 2428; x_wconf 72' lang='grc' dir='ltr'><strong><em>ἓν</em></strong></span> <span class='ocrx_word' id='word_1_406' title='bbox 336 2389 432 2438; x_wconf 63' lang='grc' dir='ltr'><em>κοίλῃ</em></span> <span class='ocrx_word' id='word_1_407' title='bbox 453 2387 725 2438; x_wconf 54' lang='grc' dir='ltr'><strong><em>Λακεδαίμονι,</em></strong></span> <span class='ocrx_word' id='word_1_408' title='bbox 736 2388 844 2442; x_wconf 67' lang='grc' dir='ltr'><strong><em>γνῶθι</em></strong></span> <span class='ocrx_word' id='word_1_409' title='bbox 861 2389 1031 2429; x_wconf 68' lang='grc' dir='ltr'><strong><em>σεαυτόν·</em></strong></span> 
     </span>
    </p>

    <p class='ocr_par' dir='ltr' id='par_1_9' title="bbox 95 2441 1103 2551">
     <span class='ocr_line' id='line_1_43' title="bbox 95 2441 1097 2495; baseline 0.003 -15"><span class='ocrx_word' id='word_1_410' title='bbox 95 2442 165 2480; x_wconf 78' lang='grc' dir='ltr'>’Ὃς</span> <span class='ocrx_word' id='word_1_411' title='bbox 179 2441 224 2481; x_wconf 58' lang='grc' dir='ltr'>Σὲ</span> <span class='ocrx_word' id='word_1_412' title='bbox 239 2441 387 2494; x_wconf 73' lang='grc' dir='ltr'><strong><em>Κόρινθον</em></strong></span> <span class='ocrx_word' id='word_1_413' title='bbox 401 2443 497 2482; x_wconf 77' lang='grc' dir='ltr'><strong><em>ἔναιε</em></strong></span> <span class='ocrx_word' id='word_1_414' title='bbox 509 2471 519 2490; x_wconf 83' lang='grc'><em>,</em></span> <span class='ocrx_word' id='word_1_415' title='bbox 535 2442 660 2494; x_wconf 74' lang='grc' dir='ltr'><em>χόλου</em></span> <span class='ocrx_word' id='word_1_416' title='bbox 676 2448 853 2494; x_wconf 71' lang='grc' dir='ltr'><strong><em>κρατέειν,</em></strong></span> <span class='ocrx_word' id='word_1_417' title='bbox 869 2444 1097 2495; x_wconf 59' lang='grc' dir='ltr'>Περίανὸρος·</span> 
     </span>
     <span class='ocr_line' id='line_1_44' title="bbox 102 2494 1103 2551; baseline 0.002 -14"><span class='ocrx_word' id='word_1_418' title='bbox 102 2495 318 2544; x_wconf 49' lang='lat' dir='ltr'>Hermae,</span> <span class='ocrx_word' id='word_1_419' title='bbox 333 2494 441 2538; x_wconf 57' lang='grc' dir='ltr'><strong><em>οὐδὲν</em></strong></span> <span class='ocrx_word' id='word_1_420' title='bbox 457 2497 579 2551; x_wconf 60' lang='grc' dir='ltr'><strong><em>ἄγαν,</em></strong></span> <span class='ocrx_word' id='word_1_421' title='bbox 591 2497 629 2537; x_wconf 75' lang='grc' dir='ltr'>ὃς</span> <span class='ocrx_word' id='word_1_422' title='bbox 644 2495 699 2539; x_wconf 61' lang='lat' dir='ltr'>&#39;inv</span> <span class='ocrx_word' id='word_1_423' title='bbox 712 2498 820 2550; x_wconf 69' lang='grc' dir='ltr'>’γένος</span> <span class='ocrx_word' id='word_1_424' title='bbox 833 2499 874 2538; x_wconf 78' lang='grc' dir='ltr'>ἐκ</span> <span class='ocrx_word' id='word_1_425' title='bbox 886 2499 1103 2539; x_wconf 66' lang='grc' dir='ltr'><strong><em>Μιτυλήνης·</em></strong></span> 
     </span>
    </p>
   </div>
  </div>
 </body>
</html>
