1730 3326
406 197 500 260 5oe
606 190 1478 241 ANNOTATIONES

402 280 520 321 πλεῖν
537 280 635 321 ἐντος
647 276 939 319 Φασκλίδοςιιοιὶ
953 279 1127 319 Κυανέων.
1139 279 1235 319 Sunt
1249 290 1375 320 autem
1393 279 1672 321 Chelidoneaein-

403 333 507 374 sulae
521 333 709 374 subiectae
726 334 914 372 Phaselidi.
930 334 1043 373 Unde
1065 333 1288 372 Plutarchus
1307 334 1346 372 in
1359 332 1525 374 Cimone
1538 335 1585 374 de
1598 335 1671 374 hae

401 400 446 427 re
460 402 495 438 p.
518 388 606 438 890.
627 389 673 426 H.
692 387 823 440 Steph.
840 401 874 440 p.
892 402 975 435 124.
990 388 1108 437 Brya.
1129 385 1229 426 ἔνδον
1241 389 1415 432 Κυανέων,
1429 387 1504 434 ait,
1518 388 1581 426 καὶ
1601 394 1672 427 Χε-

407 441 572 480 λιδονίων
593 439 722 491 μοικροῖ
739 440 792 479 vni·
809 442 874 479 κα.)
890 439 1155 492 χαλκεμβόλῳ
1167 441 1219 489 μὴ
1241 441 1382 480 πλέειν.
1402 439 1604 492 Quorsum
1626 441 1673 480 il·

404 493 470 533 lud
487 491 550 533 οὐκ,
562 495 727 545 ἀμοχθεὶ
739 493 939 540 referatur,
953 494 1134 546 intelligas
1150 506 1201 532 ex
1222 493 1278 532 his
1290 523 1301 539 ,
1317 505 1417 547 quae
1434 493 1529 533 infra
1541 494 1580 533 in
1594 494 1674 535 Na·

405 548 511 599 vigio
523 578 534 595 ‚
550 561 629 587 non
646 548 779 599 procul
795 548 842 586 ab
857 548 971 586 initio
987 557 1199 586 narrantur.
1217 547 1345 587 Gesn.

462 604 534 640 ead.
556 603 580 640 l.
604 602 638 640 6.
652 600 828 639 Ἤλιοιδος
847 623 892 630 -
916 599 1036 640 Ῥόδου
1051 600 1068 651 )
1086 600 1247 639 Rhodus
1266 599 1345 640 Soli
1361 599 1415 639 ob
1437 599 1674 641 serenitatem

402 655 504 694 coeli
518 654 632 694 sacra.
645 655 730 694 Vid.
749 654 889 707 Spanh.
905 668 974 707 321
985 686 993 698 ,
1008 653 1048 693 δι
1060 653 1243 692 Nostrum
1258 658 1297 691 Z.
1317 657 1377 705 Τρ.
1395 666 1410 691 1
1424 667 1454 692 ι.
1472 653 1630 694 SOLAN.

458 711 529 747 ead.
548 710 571 747 l.
591 722 605 746 1
618 722 649 746 1.
661 707 987 760 Ἐμπιστλάμενος)
1003 707 1061 746 Ex
1076 708 1146 745 W.
1161 707 1481 756 ἐμπιμπλάμενος
1495 719 1675 748 correxe-

408 773 466 802 rat
478 762 607 802 Solan.
622 761 735 812 idque
746 762 785 800 δι
798 774 873 814 ego
887 760 1139 806 assumsiffem‚
1152 759 1179 798 si
1196 761 1322 813 plures
1334 759 1458 800 Codd.
1473 761 1676 809 haberent;

405 828 543 855 verum
557 815 648 867 quia
663 816 702 854 ὅ(
717 814 811 853 infra
823 828 854 854 c.
873 828 920 863 24
931 814 1008 854 sine
1017 828 1050 864 μ
1063 813 1249 862 scribitur,
1264 827 1335 854 nec
1346 814 1482 853 dubito
1494 844 1507 860 ,
1553 815 1616 854 uin
1632 814 1674 854 δι

406 870 514 916 alibi,
531 869 702 909 nondum
716 868 909 921 vulgatam
924 868 1216 914 immuto.Vide‚
1228 881 1327 921 quae
1343 868 1393 906 ibi
1408 880 1515 907 noto.
1567 879 1677 908 13th.

460 926 534 962 ead.
547 923 571 961 l.
591 935 648 972 15.
667 919 750 961 Εύθὺ
766 923 843 975 ’γάρ
861 936 925 972 μοι
945 922 1011 960 δύο
1029 921 1046 960 ii
1065 923 1131 959 καὶ
1149 920 1245 972 τρεῖς
1259 921 1531 974 προσεῤῥὺησοιν
1544 923 1675 975 ὀλίγον

409 975 593 1029 διάφοροι)
607 975 668 1015 Sic
690 977 764 1014 edit
786 975 1012 1015 Benedictus
1030 975 1181 1014 secutus
1193 975 1488 1014 Bourdelotium
1500 1005 1512 1022 ,
1531 974 1574 1014 δι
1589 987 1678 1014 ver-

411 1032 459 1070 tit
468 1062 479 1077 ‚
487 1031 602 1084 statim
615 1031 698 1069 enim
713 1031 794 1069 mihi
807 1033 872 1069 duo
887 1032 942 1068 vel
951 1031 1048 1068 eti-zm
1059 1041 1124 1067 tres
1134 1032 1369 1081 propemodum
1375 1029 1550 1082 praecipui
1551 1029 1676 1082 super·

408 1100 544 1131 venere,
569 1084 681 1136 idque
702 1084 879 1136 exemplo
894 1085 951 1122 ed.
975 1082 1056 1123 Bas.
1079 1094 1182 1135 quae
1197 1083 1295 1122 hanc
1319 1082 1675 1135 interpretationem

407 1139 517 1192 prior
531 1138 697 1184 exhibet,
712 1150 798 1176 cum
821 1139 857 1175 in
873 1137 1031 1177 Graecis
1044 1138 1129 1176 edat
1149 1135 1246 1175 δὺοῆ
1262 1136 1326 1174 καὶ
1340 1134 1435 1185 τρεῖς
1456 1139 1679 1189 προπροσερ-

409 1192 556 1243 '‘atino-av.
571 1191 791 1230 Mirandum
811 1190 987 1242 profecto
1007 1189 1079 1237 est,
1104 1189 1131 1229 s1
1148 1202 1223 1229 tres
1242 1189 1522 1242 propemodum
1541 1191 1676 1242 utique

408 1245 604 1298 praecipui
623 1243 842 1284 accesserint
862 1244 913 1283 fic
937 1245 982 1284 ad
1008 1244 1217 1283 Lucianum
1231 1273 1243 1289 ,
1261 1257 1330 1283 eos
1355 1243 1404 1282 sle
1421 1243 1549 1282 subito
1565 1244 1679 1282 relin-

408 1300 501 1352 qui,
520 1311 591 1337 nec
609 1299 671 1337 vel
687 1298 848 1337 verbum
873 1298 993 1338 ullum
1007 1308 1075 1337 aut
1092 1299 1137 1337 de
1153 1308 1218 1336 aut
1239 1297 1286 1336 ab
1304 1298 1396 1337 viris
1411 1308 1486 1336 tam
1504 1297 1680 1337 notabili-

411 1353 485 1392 bus
495 1352 586 1392 fieri.
598 1352 708 1391 Pater
720 1352 794 1392 tale
804 1353 894 1404 quid
906 1353 1080 1404 cogitans
1092 1351 1171 1390 illas
1183 1363 1302 1390 voces
1307 1353 1542 1404 propemodum
1549 1351 1680 1404 praeci-

404 1408 469 1462 pui
487 1407 635 1460 virgula
647 1407 806 1445 induxit.
826 1407 872 1445 Et
885 1417 986 1445 certe
1002 1406 1189 1445 credimus
1207 1405 1307 1445 verti
1316 1403 1483 1445 debuiffe
1498 1419 1609 1456 parvo
1624 1406 1678 1443 di-

405 1462 501 1511 vaſs,
514 1462 575 1500 vel
587 1459 761 1499 distantes
774 1473 817 1500 ac
829 1460 1110 1512 propemodum
1127 1471 1246 1511 pares.
1259 1458 1382 1511 Quod
1393 1457 1422 1497 si
1436 1459 1599 1509 verbum
1617 1459 1680 1498 de-

410 1515 671 1565 compositum
686 1514 740 1553 est
755 1515 790 1552 in
813 1513 958 1567 scriptis
968 1545 983 1562 ,
997 1526 1074 1553 non
1088 1513 1141 1552 est
1154 1525 1222 1553 cur
1237 1522 1518 1552 contemnatur.
1531 1511 1680 1552 GRON.

463 1570 542 1607 ibid.
558 1566 756 1620 Διαφόρου)
770 1567 830 1607 Sic
845 1568 921 1607 levi
938 1568 1151 1606 mutatione
1163 1567 1294 1606 locum
1314 1566 1557 1606 restituimus.
1568 1565 1680 1618 Quid

410 1624 514 1662 enim
526 1633 623 1667 erat,
640 1623 746 1674 quod
758 1623 796 1660 in
809 1622 911 1661 libris
924 1622 1103 1661 omnibus
1117 1621 1155 1661 δι
1171 1620 1252 1673 ipso
1264 1621 1319 1659 M.
1335 1621 1485 1674 legitur,
1501 1618 1680 1672 διάφορος

411 1676 494 1715 Aut
510 1689 624 1728 quem
641 1676 786 1715 senium
800 1676 859 1714 hic
876 1675 977 1714 edit?
994 1676 1097 1716 Nihil
1110 1674 1197 1714 sane
1213 1675 1259 1712 ad
1272 1688 1349 1714 rem
1362 1675 1589 1713 enarrantium
1603 1674 1681 1726 dis-

409 1731 591 1781 crepantia.
615 1729 685 1769 Sed
706 1730 853 1782 optime
867 1731 1054 1769 convenit
1077 1742 1198 1781 parva
1213 1741 1367 1768 merces.
1386 1729 1459 1775 Ea,
1480 1740 1595 1780 quam
1622 1740 1681 1768 re-

408 1783 600 1823 stituimus
613 1813 622 1829 ,
648 1795 748 1822 voce
763 1784 881 1822 utitur
901 1784 939 1822 in
955 1783 1049 1835 Ἑρμ.
1065 1796 1098 1822 c.
1116 1783 1184 1822 81:
1204 1782 1326 1821 utitur
1339 1781 1680 1835 &Theophrastus

410 1838 453 1877 in
467 1838 719 1891 descriptione
734 1836 798 1877 τῆς
807 1836 1114 1890 μικρολογίας.Ἧ
1128 1837 1172 1875 δὲ
1183 1839 1432 1888 μικρολογία,
1445 1836 1585 1887 inquit,
1596 1836 1681 1876 ἐστὶ

411 1892 604 1943 φειδωλία
617 1890 684 1930 τοῦ
699 1891 874 1944 διαφόρου
893 1887 988 1942 ὑπὲρ
1009 1894 1069 1931 τον
1083 1893 1221 1942 καιρὸν,
1236 1903 1272 1942 Ρ.
1287 1904 1349 1942 32.
1362 1891 1447 1930 Vid.
1463 1888 1682 1929 casaubon.

410 1957 492 1985 not.
507 1959 542 1998 p.
560 1960 647 1998 229.
664 1945 785 1998 Diog.
800 1946 928 1986 Laert.
948 1959 983 1998 p.
1001 1958 1074 1993 140
1092 1945 1135 1984 B.
1149 1943 1194 1983 C.
1209 1943 1534 1996 somnffoaiyov
1549 1943 1679 1992 διάφο-

409 2000 478 2053 ροι)
493 2000 726 2040 Sententiam
742 2000 856 2039 huius
875 2000 949 2038 loci
969 1998 1157 2038 assecutus
1176 1997 1264 2037 mihi
1285 1999 1434 2045 videor,
1452 1998 1498 2036 de
1518 1996 1682 2037 leffione

411 2055 537 2093 adhuc
558 2055 705 2092 dubito.
725 2053 762 2093 Si
783 2053 935 2093 dediffet
958 2053 1092 2092 auctor
1105 2053 1232 2106 ὀλίγον
1247 2050 1440 2103 διαφόρου,
1456 2051 1568 2105 plane
1587 2050 1682 2090 nihil

415 2107 625 2147 haererem.
648 2107 711 2147 Est
732 2108 834 2147 enim
859 2107 1027 2159 διάφορον
1047 2108 1206 2161 pretium,
1225 2107 1381 2159 pecunia.
1394 2105 1433 2144 ‘H
1451 2104 1681 2158 μικρολογίοε

413 2174 473 2215 ap.
489 2161 796 2213 Theophrastum
815 2161 930 2201 Char.
951 2174 1015 2207 ιο,
1029 2162 1109 2200 ἐστὶ
1124 2159 1315 2210 φειδωλία
1327 2158 1395 2199 τοῦ
1405 2158 1580 2211 διαφόρου
1592 2188 1606 2206 ,
1618 2157 1680 2197 vel

413 2226 460 2254 ut
472 2215 524 2255 est
537 2217 573 2254 in
588 2215 660 2255 Ms.
673 2216 743 2255 τῶν
758 2214 947 2267 διαφόρων.
960 2214 1137 2254 Ostendit
1150 2213 1406 2254 Cafaubonus
1426 2214 1474 2252 ad
1491 2213 1527 2251 h.
1546 2213 1570 2252 1.
1581 2225 1685 2265 quo-

412 2270 486 2309 ties
500 2271 603 2323 apud
616 2269 884 2309 ecclesiasticos
896 2268 1098 2322 scriptores
1111 2269 1353 2321 ignoratione
1370 2268 1482 2307 huius
1496 2265 1684 2319 fignifica-

413 2324 528 2363 tionis
542 2335 739 2376 peccatum
762 2323 818 2362 fit.
834 2322 973 2363 Noster
988 2324 1023 2361 in
1040 2322 1218 2362 Hermot.
1233 2335 1263 2362 c.
1277 2321 1344 2368 81,
1354 2321 1518 2372 μηδέπω
1535 2320 1683 2360 ἐκτετί-

414 2391 534 2425 καμεν
555 2377 737 2427 διοὶῳορον.
753 2377 886 2429 Itaque
902 2376 926 2415 fi
944 2387 1093 2416 mutato
1106 2375 1227 2416 solum
1253 2391 1283 2414 οι
1306 2377 1343 2414 ἰη
1367 2390 1406 2413 ου
1428 2375 1556 2427 legere
1573 2373 1684 2413 liceat

413 2431 546 2483 &al-you
559 2431 730 2483 διαφόρου
744 2462 754 2477 ,
774 2431 885 2484 plana
899 2442 1011 2470 erunt
1026 2431 1167 2469 omnia.
1187 2429 1256 2469 Sed
1270 2429 1358 2482 quid
1373 2428 1400 2468 st
1416 2427 1626 2468 inteneeius
1639 2440 1684 2467 o·

413 2485 530 2533 titur,
545 2485 695 2529 servata
707 2485 895 2526 librorum
909 2485 1093 2533 lectione,
1105 2484 1146 2524 δι
1161 2485 1285 2539 ὀλίγου
1302 2483 1474 2538 διάεφοροι
1493 2481 1581 2524 sunt
1595 2496 1682 2536 par·
