1730 3326
359 176 454 238 ,ω
562 165 1437 219 ANNoTATtoNES

361 276 453 313 μην,
466 275 589 300 mecum
605 259 713 304 duxi,
727 258 866 311 affumfi
885 259 1031 298 comites.
1043 258 1259 311 Vulgatum
1275 259 1402 314 ἐπειγ.
1418 273 1467 301 ne
1481 260 1639 315 quidem

368 313 552 368 significat
571 313 791 353 accelerabam
809 311 920 364 ipsivs,
942 324 986 351 ut
1000 311 1124 352 adhuc
1143 312 1298 352 versum
1315 314 1368 353 est
1382 344 1396 361 ,
1412 328 1500 354 cum
1517 317 1640 356 media

366 380 469 410 voce
481 376 589 406 notet
596 365 752 418 festinare
762 394 772 411 ‚
789 365 983 418 impellere
994 365 1035 404 δι
1048 378 1187 418 urgere
1207 365 1266 412 se,
1281 379 1361 406 non
1382 368 1490 407 alios.
1507 368 1639 411 GESN.

420 425 493 460 ead.
508 422 532 460 l.
548 433 606 459 10.
623 421 691 458 Καὶ
707 418 844 471 δόξαν)
863 419 924 459 Sic
939 417 1110 458 absolute
1131 418 1258 458 rursus
1276 418 1374 459 infra
1395 434 1429 461 c.
1445 435 1492 470 14
1511 436 1566 473 pr.
1587 423 1638 463 Et

371 475 495 516 Dion.
514 474 603 513 Hal.
621 473 660 520 Ι,
676 486 761 526 pag.
781 473 829 524 36
853 471 878 512 f.
895 473 952 512 ed.
967 471 1066 524 Lips.
1082 471 1209 523 Δόξαν
1224 472 1268 512 δὲ
1283 472 1400 524 αὐτῷ,
1421 475 1574 516 παῖδας
1593 497 1638 508 -

367 526 599 582 προεξελθεῖν
614 530 765 565 κελεύει.
779 525 838 565 lta
860 527 1061 566 κελευσθὲν
1074 527 1162 565 eod.
1177 527 1296 566 modo
1309 529 1409 579 apud
1423 530 1535 568 eund.
1550 542 1637 582 pag.

373 598 433 635 32.
448 582 560 621 Plura
581 580 762 632 Sylburg.
776 580 813 618 in
827 591 925 619 nott.
943 581 988 618 ad
1001 592 1088 632 pag.
1104 593 1166 626 47·
1180 580 1288 620 Adde
1306 580 1490 621 Nostrum
1510 597 1525 622 ι
1545 584 1642 624 Ver.

368 635 466 677 Hist.
486 649 520 675 c.
533 649 556 684 7
573 635 613 673 δι
631 649 644 673 1
658 648 672 673 1
690 635 762 674 &c-
777 634 845 672 ubi
859 633 982 673 &alia
995 633 1092 672 dedi.
1110 633 1257 672 Rmz.

424 692 497 728 ead.
514 690 535 728 l.
556 702 568 726 1
579 703 614 727 2.
628 687 823 727 Ὓιινεῑτοιι
836 686 881 726 st
900 686 1034 726 τούτου
1046 689 1088 725 το
1102 684 1169 726 τῆς
1186 686 1439 739 Πραξιτέλους
1451 685 1645 742 εὔχερείας

371 745 487 783 ’όντως
503 741 780 793 ἐπαφρόδιτον)
795 740 906 792 Quid
919 740 989 780 fibi
1004 740 1089 780 vult
1106 740 1238 780 τούτου
1253 745 1294 779 τ“ο
1313 739 1380 780 τοῖς
1393 742 1646 794 Πραξιτέλους

377 797 476 837 &c.?
491 797 682 847 interpres
697 795 853 834 reddidit
865 825 876 843 ,
891 796 1074 834 celebratur
1082 807 1192 834 autem
1207 795 1252 833 ibi
1265 795 1453 834 Praxitelis
1459 798 1647 849 promtitu·

373 853 463 891 dinis
474 867 545 890 vere
559 850 714 888 amabile.
731 850 795 888 An
808 848 940 888 τούτου
960 847 1147 901 significat
1162 849 1236 887 ibi?
1250 848 1340 888 Scio
1353 879 1364 897 ‚
1380 845 1498 890 αὐτοῦ
1514 850 1551 890 id
1569 850 1648 892 sae·

372 919 421 959 pe
443 903 662 958 significare.
682 903 734 942 At
757 903 845 942 licet
864 901 998 940 τούτου
1023 902 1058 940 id
1079 901 1294 954 significare
1316 902 1459 954 poffet;
1483 905 1651 957 angustis

372 959 551 1013 profeeio
575 958 750 996 terminis
769 955 894 996 fuiss'et
913 954 1021 995 finita
1036 955 1097 994 illa
1113 955 1240 996 Cnidii
1263 957 1395 1009 templi
1419 957 1473 997 ob
1495 957 1650 999 {imula-

374 1027 485 1054 crum
498 1012 662 1051 Veneris
677 1024 698 1050 a
718 1009 908 1050 Praxitele
924 1009 1163 1049 elaboratum
1185 1009 1385 1049 celebritas
1398 1039 1408 1056 ‚
1430 1009 1459 1050 st
1477 1024 1522 1051 ea
1549 1013 1648 1054 intra

374 1067 542 1107 Cnidum
560 1065 678 1104 modo
690 1062 920 1105 constitisset.
933 1064 987 1103 At
999 1064 1075 1103 hoc
1092 1074 1229 1103 contra
1244 1076 1409 1103 mentem
1426 1063 1644 1118 scriptoris,

375 1121 444 1173 qui
457 1120 534 1159 fine
547 1119 665 1159 dubio
679 1119 777 1158 dedit
790 1147 802 1164 ,
814 1114 985 1168 ὑμνεῖται
999 1117 1044 1157 ἑὲ
1056 1115 1250 1157 τοῦτοτιῖς
1264 1117 1521 1169 Πραξιτέλους
1532 1117 1649 1174 εὐχε-

376 1178 475 1225 ρείας
494 1175 607 1213 ’όντως
623 1170 885 1222 ἐπαφρόδιτον.
901 1171 1019 1211 Error
1031 1184 1080 1212 ex
1101 1172 1261 1225 repetita
1282 1170 1426 1222 syllaba
1449 1186 1514 1212 του
1537 1186 1650 1215 natus

378 1227 443 1267 est.
460 1229 520 1266 Ac
533 1228 591 1266 ubi
603 1226 815 1278 decreff‘mus
825 1226 860 1264 in
876 1226 1017 1264 Cnidum
1024 1225 1198 1277 speHandi
1218 1225 1322 1276 caufiz
1338 1227 1521 1279 appellere,
1539 1228 1575 1266 ὅ·
1591 1243 1651 1268 cu-

374 1296 526 1335 peremus
539 1282 646 1319 videre
661 1279 799 1318 Veneris
808 1280 977 1332 templum,
987 1279 1188 1331 (celebratur
1194 1281 1278 1318 enim
1289 1280 1326 1318 id
1333 1281 1560 1321 Praxitelicae
1570 1284 1652 1322 dex·

380 1336 524 1374 teritatis
539 1350 624 1387 opus
643 1349 716 1373 vere
735 1349 851 1373 venere
862 1334 897 1372 6>
911 1334 1024 1386 gratia
1029 1332 1232 1386 speci-abile)
1245 1334 1376 1385 placide
1390 1346 1508 1374 terrum
1522 1337 1651 1375 adveni

372 1390 509 1442 sumus.
522 1389 628 1427 IENs.
642 1387 768 1427 Potest
782 1387 961 1440 vulgatae
974 1386 1099 1427 sensus
1113 1388 1257 1440 exponi
1272 1416 1286 1433 ,
1301 1398 1345 1427 ut
1357 1389 1493 1427 τούτου
1511 1389 1652 1431 refera-

378 1456 445 1483 tur
467 1443 515 1482 ad
538 1442 713 1494 proxime
728 1440 969 1494 praemiffum
986 1441 1086 1494 ἱερὸν,
1100 1440 1240 1481 scilicet
1259 1452 1303 1480 ut
1321 1442 1419 1481 ordo
1440 1441 1505 1490 stt,
1519 1444 1652 1484 τούτου

381 1497 427 1537 Σὲ
449 1495 516 1536 τοῦ
536 1494 625 1549 ἱεροῦ
645 1499 688 1535 τὸ
709 1497 822 1536 ’όντως
842 1494 1089 1547 ὲπαφρὸὃιτον
1109 1493 1175 1536 τὶἶς
1196 1493 1375 1546 εὗχερίοις
1399 1496 1653 1548 Πραξιτέλους

380 1549 577 1602 ὑμνεῖται,
592 1551 632 1590 δι
649 1549 700 1590 sie
722 1548 806 1589 satis
828 1548 977 1589 constat
998 1548 1146 1589 sensus:
1169 1548 1230 1588 sed
1251 1549 1279 1587 fi
1299 1561 1416 1601 quem
1438 1551 1655 1593 intricatior

379 1604 658 1657 pronominum
679 1603 852 1643 traiestio
869 1601 1049 1650 offendit,
1072 1617 1145 1657 pro
1158 1602 1291 1643 τούτου
1310 1603 1408 1655 legat
1427 1600 1546 1645 αὐτοῦ
1557 1635 1569 1653 ‚
1583 1607 1627 1645 ibi
1637 1622 1654 1655 ‚-

383 1660 426 1698 &
437 1657 488 1698 sic
499 1659 600 1698 dicas
612 1657 736 1710 legiffe
746 1656 932 1697 Parisinae
945 1658 1203 1710 interpretem.
1216 1656 1328 1697 lensii
1337 1657 1552 1699 emendatio
1565 1673 1660 1700 con-

384 1710 631 1752 struffionem
647 1712 765 1751 reddit
777 1710 1047 1763 simpliciorem
1058 1725 1070 1759 3
1083 1724 1120 1750 at
1159 1713 1221 1751 uia
1235 1710 1286 1752 sic
1300 1709 1504 1752 Praxiteles
1515 1713 1657 1755 dicere-

383 1775 447 1805 tur
468 1767 589 1805 totius
603 1765 734 1818 templi
750 1763 1000 1814 architectus‚
1022 1765 1114 1804 dum
1149 1766 1376 1805 imulacrum
1390 1766 1554 1807 Veneris
1575 1779 1658 1808 tan-

385 1831 468 1859 tum
485 1821 532 1859 ab
545 1832 594 1859 eo
610 1819 860 1861 fabrefactum
877 1830 1005 1858 narrat
1017 1819 1236 1867 Lucianus,
1255 1831 1335 1859 non
1349 1818 1460 1860 ausus
1474 1819 1554 1861 sum
1569 1835 1656 1863 eam

386 1874 572 1927 recipere.
584 1874 733 1913 RmTz.

441 1928 554 1967 ead.l.
570 1939 630 1978 13.
643 1927 922 1980 Πραξιτέλους)
939 1926 1110 1967 Statuam
1127 1927 1294 1967 Veneris
1313 1927 1509 1981 intelligit,
1521 1929 1567 1969 de
1580 1943 1659 1982 qua

390 1980 430 2021 in
453 1980 555 2035 seqq:
577 1980 668 2021 fuse.
685 1982 746 2021 Ad
766 1981 964 2021 Cratinam
989 1983 1149 2021 amicam
1170 1980 1412 2022 efformatam
1431 1996 1453 2022 a
1471 1982 1660 2025 Praxitele

387 2036 501 2075 tradit
514 2035 636 2075 Clem.
654 2036 765 2075 Alex.
781 2035 818 2074 in
838 2040 967 2088 Προτρ.
983 2049 1033 2075 m.
1056 2049 1100 2075 21
1122 2034 1166 2075 C.
1183 2036 1223 2075 δι
1238 2049 1300 2089 23,
1318 2051 1353 2076 2.
1369 2035 1434 2076 De
1447 2036 1521 2076 alia
1539 2036 1659 2091 Cupi-

388 2090 491 2130 dinis
503 2090 625 2129 statua
642 2090 690 2129 ab
703 2089 840 2130 eodem
854 2089 1038 2130 Praxitele
1057 2088 1155 2129 faeta
1168 2090 1255 2130 vide
1267 2090 1445 2144 Stephan.
1463 2091 1556 2144 Lyr.
1573 2105 1660 2146 pag.

389 2156 461 2183 121
479 2144 523 2184 B.
543 2143 590 2184 C.
603 2143 761 2184 SOLAN.

443 2201 518 2237 ead.
541 2198 564 2236 l.
582 2210 641 2247 ¹4·
663 2196 814 2251 Λιπαροῖ
831 2197 1005 2252 γαλήνῃ)
1026 2197 1091 2237 An
1112 2197 1252 2247 craffa,
1278 2198 1486 2239 immobili?
1503 2201 1661 2251 λιπαρῖιν

386 2249 509 2291 ἔλαιον
525 2251 693 2305 proprie.
707 2252 773 2292 An
786 2254 933 2305 λιπαρὰ
949 2253 1010 2292 hic
1023 2264 1098 2304 pro
1111 2252 1288 2304 λιπαρὴς,
1299 2253 1323 2292 i.
1341 2265 1375 2293 e.
1390 2255 1568 2307 συνεχὴς,
1583 2256 1661 2307 affi-

387 2309 477 2345 duus
488 2307 508 2344 Ρ
521 2305 659 2346 Placet.
677 2305 737 2346 Sic
749 2305 846 2346 infra
858 2320 890 2347 c.
908 2319 921 2344 ι
933 2321 966 2359 3.
981 2306 1149 2347 Gom.
1164 2308 1317 2358 Λιπαρδι
1329 2306 1388 2347 hic
1402 2320 1474 2359 pro
1492 2308 1659 2359 λιπαρὴς

390 2359 558 2412 positum
570 2360 738 2408 videtur,
750 2361 775 2399 i.
790 2373 823 2400 e.
835 2360 1018 2413 συνεχὴς,
1031 2361 1257 2413 affiduus.1ta
1271 2374 1362 2401 mox
1374 2359 1469 2401 insra
1484 2361 1660 2415 λιπαροῖς

387 2413 468 2453 τοῖς
485 2414 668 2465 χείλεσιν,
683 2415 705 2454 i.
721 2427 754 2454 e.
771 2415 920 2467 affiduis,
928 2413 1159 2467 frequentibus
1175 2414 1327 2456 osculis.
1340 2416 1525 2455 Meno.

442 2467 480 2507 in
490 2468 682 2510 &hot-col.
699 2469 768 2511 1.l.
790 2483 825 2509 2.
845 2467 988 2523 Κεῑραι)
1007 2468 1227 2523 Legendum
1251 2481 1300 2511 ex
1319 2468 1432 2512 Suida
1452 2467 1661 2525 sumerem
