1730 3326
420 282 511 322 422
618 262 1486 312 ‘ANNOTATIONES

419 363 524 397 inum
542 360 701 412 paginae
716 359 948 400 vocabulum
964 357 1037 405 est,
1057 359 1163 398 cuius
1175 360 1328 398 alteram
1343 359 1536 411 partemin
1549 373 1586 413 p.
1601 360 1675 414 seq.

417 412 620 452 transferre
635 414 746 452 obliti
763 414 940 452 videntur
955 413 1195 464 typothetae.
1224 413 1367 451 Rtrrz.

473 469 546 504 ead.
562 468 585 504 l.
604 463 992 519 13.Σελῆνην)Η3<;ἀυ
1003 479 1041 503 re
1056 466 1158 505 Suet.
1167 465 1279 504 Caio.
1299 466 1471 505 Bonan.

475 520 509 557 in
517 520 633 559 schol.
642 522 704 559 col.
719 533 748 558 1.
762 521 786 575 ζ
800 520 909 558 9..“Ὀς
919 518 1076 568 κκὶΥΟς
1088 534 1166 570 κκρ.
1181 520 1292 558 habet
1303 520 1352 557 V.
1369 519 1480 558 Unde
1491 519 1670 567 coniicio³

418 571 600 620 scri-ptum
617 573 721 612 fuiffe
740 574 844 611 αὐτος
857 574 952 623 yae.
973 572 1128 610 SOLAN.

477 627 567 679 Pag.
581 641 643 679 97.
659 628 680 665 l.
699 640 731 666 1.
744 624 1039 676 Ἔξηκοντσὺτιες)
1059 626 1147 664 Hoc
1160 625 1329 675 inprimis
1342 623 1636 671 observandum,
1649 624 1678 665 fi

418 681 609 719 rationem
625 691 841 732 temporum
856 678 1018 730 aliquam
1036 679 1171 717 habere
1187 679 1294 718 velis.
1316 678 1385 718 Sed
1402 692 1481 730 quo
1495 690 1600 717 anno
1615 680 1680 718 du-

421 732 503 771 xit?
529 734 688 784 inquies.
712 732 899 772 Conabor
919 732 954 770 id
969 733 1080 770 certis
1092 731 1279 770 adstruere
1295 732 1517 770 rationibus.
1537 730 1685 771 Obser-

421 798 557 824 vatum
577 786 687 838 supra
701 786 774 831 cst,
796 785 858 838 (ad
881 798 913 825 c.
930 784 1009 837 30.)
1032 784 1232 824 innotuisse
1254 785 1512 824 Alexandrum
1529 784 1679 824 Romae

420 839 623 878 Rutiliano
635 842 706 878 iam
720 838 819 887 sene,
834 839 926 890 (hoc
939 838 990 878 est
1002 837 1196 891 plusquam
1212 838 1511 890 quadragenario
1525 837 1607 889 post
1617 851 1681 878 an·

421 905 516 931 num
533 891 716 932 aChristo
732 905 822 931 nato
834 891 931 945 CL.)
955 893 1213 931 Alexandrum
1233 891 1350 930 filiam
1369 891 1469 930 illam
1484 889 1681 945 suscepisse

422 945 555 998 liquet,
568 946 766 999 postquam
779 947 852 985 iam
868 946 1076 998 prophetae
1087 958 1228 985 munus
1239 943 1411 993 subiisset,
1421 945 1568 997 aliquot
1579 957 1682 985 nem-

421 1012 470 1051 pe
484 1000 589 1039 annis
601 1029 612 1047 ,
630 1012 832 1052 antequam
846 999 996 1039 Romae
1008 997 1243 1038 innotuisset:
1265 998 1401 1038 nubilis
1423 999 1473 1037 ita
1502 1010 1550 1038 ue
1564 998 1682 1038 fuerit

421 1063 512 1092 ante
526 1066 666 1093 annum
682 1052 819 1094 Christi
832 1052 975 1092 CLXX
986 1084 997 1100 ‚
1019 1066 1099 1105 quo
1111 1051 1188 1091 fere
1204 1064 1377 1104 tempore
1392 1065 1469 1104 nup
1488 1050 1552 1091 isse
1566 1052 1680 1092 etiam
1706 1073 1708 1078 ·

423 1106 620 1147 Rutiliano
634 1107 778 1147 necesse
792 1106 867 1152 est,
891 1108 959 1158 qui
985 1105 1255 1158 sexagenarius
1274 1105 1417 1145 duxisse
1439 1106 1503 1144 hic
1526 1105 1678 1145 dicitur.

423 1159 544 1212 Quae
565 1161 693 1200 omnia
709 1159 817 1200 facile
836 1173 884 1200 ex
904 1161 978 1199 hoc
997 1159 1125 1200 libello
1148 1159 1395 1200 demonstrari
1418 1158 1587 1210 possent,
1612 1158 1681 1198 nisi

423 1213 602 1253 brevitati
618 1216 654 1252 in
669 1214 725 1252 his
739 1215 839 1253 notis
853 1212 1101 1253 studeremus.
1126 1215 1216 1253 Hoc
1230 1214 1344 1253 unice
1363 1214 1492 1265 itaque
1500 1211 1683 1252 observa-

424 1267 454 1304 ri
469 1267 598 1312 velim,
614 1267 873 1306 Alexandrum
887 1279 1048 1306 uxorem
1064 1280 1142 1306 non
1156 1266 1316 1314 duxisse,
1328 1278 1530 1318 antequam
1544 1279 1683 1305 munus

423 1319 514 1358 illud
529 1319 637 1359 suum
656 1320 918 1372 propheticum
941 1319 1164 1373 susciperet:
1190 1322 1294 1373 quod
1314 1319 1379 1359 etsi
1403 1318 1542 1359 disertis
1557 1320 1685 1359 verbis

422 1385 502 1411 non
514 1372 646 1412 afferat
658 1375 863 1420 Lucianus,
874 1372 1039 1417 facilem<
1052 1386 1099 1412 eo
1111 1373 1268 1418 elicitur,
1279 1374 1383 1426 quod
1396 1384 1482 1412 toto
1493 1385 1582 1412 ante
1594 1384 1685 1412 tem-

424 1439 532 1479 pore,
544 1439 608 1466 aut
624 1438 773 1479 turpem
791 1440 885 1480 puer
899 1421 1141 1479 aliisbperam
1156 1427 1310 1474 dederit,
1324 1439 1388 1466 aut
1404 1427 1462 1465 vir
1474 1427 1546 1466 iam
1562 1427 1683 1467 faetus

425 1480 558 1520 alienis
574 1482 774 1520 uxoribus.
803 1482 939 1520 Unum
957 1481 1014 1519 bis
1038 1480 1266 1520 coniecturis
1278 1479 1406 1519 obesse
1421 1481 1541 1520 videri
1554 1479 1679 1532 poffit,

365 1538 372 1544 ‘
423 1534 531 1584 quod
546 1535 656 1574 huius
667 1533 767 1573 filiae
788 1546 906 1573 mater
928 1535 1073 1586 ignota,
1094 1547 1180 1573 cum
1205 1547 1226 1573 e
1248 1535 1336 1573 luna
1358 1532 1562 1586 susceptam
1576 1547 1684 1587 prae-

425 1587 568 1626 dicarit.
594 1588 664 1628 Sed
678 1587 789 1627 filiam
801 1587 1006 1627 Alexandri
1019 1587 1125 1628 fuiffe
1135 1618 1149 1635 ,
1168 1587 1252 1628 satis
1270 1587 1415 1628 constat
1427 1616 1438 1634 ,
1457 1587 1621 1640 legitima
1633 1600 1683 1627 au

425 1642 544 1680 notha
555 1671 566 1688 ,
590 1655 723 1694 parum
735 1641 863 1682 refert.
886 1641 1043 1681 SOLAN.

479 1698 549 1733 ead.
563 1697 585 1734 l.
605 1709 635 1744 5.
647 1696 780 1747 Μείζω)
796 1695 896 1734 Flor.
908 1695 1032 1746 μεῖζον
1048 1694 1106 1733 ἀεὶ
1118 1695 1314 1746 προσ-ενὸει.
1329 1694 1507 1747 Paginam
1520 1693 1682 1748 sequen·

425 1760 501 1787 tem
517 1748 608 1787 alibi
621 1749 866 1801 interpretor,
879 1749 917 1787 δι
932 1749 1107 1801 paginam
1120 1763 1209 1800 490.
1228 1749 1402 1788 BouRn.

481 1804 554 1840 ead.
569 1803 592 1840 l.
609 1815 671 1841 10.
685 1801 823 1854 Λοιμῷ)
838 1801 899 1841 De
912 1803 980 1841 hac
992 1802 1106 1854 peste,
1119 1815 1220 1854 quae
1230 1803 1355 1841 incidit
1366 1803 1405 1840 in
1416 1814 1558 1841 annum
1572 1801 1687 1842 Chri·

427 1854 470 1894 sti
485 1855 644 1902 CLXV,
667 1856 707 1895 &
722 1856 985 1908 sequentibus,
999 1869 1036 1895 v.
1049 1855 1158 1908 supra
1172 1856 1218 1894 ad
1230 1861 1382 1908 Συγγρ.
1396 1868 1428 1895 c.
1445 1868 1502 1908 15.
1518 1855 1677 1896 SOLAN.

481 1911 551 1947 ead.
566 1910 589 1947 l.
610 1923 623 1947 1
634 1924 667 1949 2.
683 1909 961 1961 Ἀκερσεκὸμης)
986 1908 1060 1948 Etsi
1075 1909 1114 1948 δι
1129 1909 1284 1959 ἀκειρεκ.
1299 1909 1469 1955 bonum,
1489 1909 1684 1962 vulgatam

428 1974 553 2001 tamen
573 1962 735 2008 servavi,
752 1964 840 2014 quia
857 1975 950 2002 mox
963 1963 1102 2002 iterum
1115 1962 1166 2001 fic
1178 1962 1259 2004 edd.
1283 1962 1329 2002 Et
1341 1962 1392 2002 fic
1403 1963 1562 2002 Homer.
1581 1963 1623 2003 11.
1635 1969 1683 2011 Τ,

430 2029 493 2069 39,
509 2017 550 2056 δι
564 2016 663 2055 alibi.
678 2015 792 2055 Conf.
808 2016 935 2056 Solan.
950 2017 996 2056 ad
1010 2015 1073 2055 fin.
1091 2016 1203 2056 huius
1218 2017 1364 2068 capitis.
1391 2015 1540 2057 RmTz.

420 2084 423 2087 ’
482 2072 554 2108 ead.
569 2070 592 2110 I.
609 2083 622 2107 1
634 2085 665 2121 3.
683 2069 832 2123 Πυλῶν)
854 2068 913 2109 Sic
927 2069 966 2109 P.
977 2070 1081 2124 quod
1094 2071 1211 2124 magis
1226 2070 1362 2110 arridet
1372 2099 1386 2117 ,
1398 2083 1516 2124 quam
1527 2069 1631 2124 quod
1643 2069 1683 2110 in

429 2122 583 2173 reliquls
597 2123 668 2170 est,
687 2125 866 2161 πυλώνων.
887 2123 1042 2163 SOLAN.

422 2189 423 2192 ’
487 2177 576 2230 Pag.
587 2176 647 2228 98.
658 2179 681 2214 l.
696 2192 732 2226 4.
749 2177 806 2226 Τῷ
820 2177 984 2228 χρησμῷ
997 2200 1042 2207 -
1056 2177 1178 2229 συντ.)
1191 2177 1341 2218 Durior
1357 2176 1508 2230 phrasis.
1526 2177 1686 2218 SOLAN.

431 2228 507 2269 Τῶν
520 2231 714 2281 χρησίμων
727 2244 843 2284 marg.
857 2232 888 2270 I.
909 2231 1099 2270 adleverat
1109 2230 1235 2271 Solan.
1260 2231 1332 2271 Sed
1346 2244 1432 2271 cum
1446 2231 1594 2271 videret
1603 2232 1690 2275 edd.

430 2283 647 2335 conspirare
659 2286 696 2322 in
705 2283 878 2337 χρησμῷ,
891 2284 1030 2324 delevit
1045 2284 1315 2333 comesturam,
1327 2284 1367 2324 δι
1383 2285 1521 2324 merito
1531 2285 1690 2334 delevit,

431 2335 646 2390 addiditque
659 2337 1045 2378 conferendumTim.
1058 2352 1090 2378 c.
1104 2354 1139 2387 4.
1157 2338 1228 2378 Sed
1245 2338 1309 2388 ibi,
1323 2338 1411 2377 ἀλλ’
1427 2338 1476 2377 εὶς
1490 2337 1562 2378 ἔθος
1574 2339 1611 2378 τὶ
1622 2339 1687 2389 ἀρ-

432 2389 544 2442 χαῖον
558 2390 757 2438 συντελῶν,
777 2392 935 2444 legitur3
958 2393 1062 2446 quod
1077 2392 1220 2432 Hemst.
1235 2393 1362 2441 vertit,
1373 2393 1437 2444 sed
1451 2392 1564 2441 veteri,
1578 2392 1687 2444 ncfiio

431 2445 655 2498 ωἱ,ἱη]1ἱιιιιο
667 2446 704 2483 id
712 2448 858 2484 dmdum
867 2446 976 2486 credit.
989 2445 1121 2499 Itaque
1132 2457 1259 2486 tamen
1270 2444 1435 2499 χρησμῷ
1447 2446 1506 2485 hic
1517 2446 1614 2485 idem
1625 2459 1688 2486 va·

418 2496 537 2545 lehn,
550 2499 655 2549 quod
673 2499 722 2538 εἰς
734 2504 915 2552 χριισμδν,
932 2500 972 2539 &
984 2499 1220 2553 significabit,
1234 2500 1323 2539 nihil
1329 2501 1494 2538 addebant
1506 2502 1555 2538 ad
1565 2515 1688 2540 oracu-

432 2551 513 2600 ἔω,
529 2552 617 2591 nihil
626 2554 771 2607 amplius
779 2554 996 2606 perficiebant
1004 2570 1022 2603 ,·
1043 2554 1215 2609 adeoque
1228 2551 1374 2594 differet
1388 2554 1624 2607 aliquantum
1639 2553 1688 2593 ab
