1730 3326
201 210 296 254 IN
361 208 1127 256 ALEXANDRUM.
1211 224 1306 274 439

44 296 99 337 est
112 307 236 391 {utem
257 309 345 338 ante
355 298 503 338 L.Veri
521 309 685 337 mortem
701 309 709 335 :
725 295 888 350 praefert
907 297 1008 336 enim
1031 296 1189 336 fratrum
1203 299 1309 350 capi-

45 361 95 391 ta.
138 362 270 390 OLAN.

98 406 171 442 ead.
185 405 210 441 l.
229 417 260 454 5.
276 406 388 455 Παρὰ
399 403 589 457 τοσοῦτον)
607 402 722 444 Conf.
737 403 846 456 supra
859 413 994 443 notata
1007 403 1054 442 ad
1070 418 1090 442 2
1104 404 1199 443 Ver.
1215 403 1310 443 Hist.

46 470 131 510 cap.
148 458 208 496 26.
226 458 368 496 Rnrz.

97 514 168 549 ead.
182 511 205 549 l.
223 524 236 549 1
249 525 279 549 1.
295 510 562 562 Τιμοκράτους)
570 510 781 550 Timocrati
793 509 942 549 cuidam
957 508 1043 548 suos
1057 510 1176 548 libros
1189 509 1308 548 Athe-

46 576 163 603 naeus
178 564 457 604 inscribit.Vid.
471 577 518 602 an
537 564 636 602 idem
655 563 709 602 sit.
726 563 903 602 Meminit
917 562 1055 601 iterum
1078 562 1216 601 Noster
1233 563 1306 614 558

0 643 1 647 =
46 617 129 657 AB.
147 630 213 670 59¹
231 618 275 656 B.
288 618 345 656 ed.
361 618 391 656 I.
407 617 447 669 (i.
461 630 492 656 e.
507 617 552 656 de
564 617 653 656 Salt.
664 630 696 656 c.
714 617 780 667 69,
792 617 833 656 &
845 615 1012 655 Demon.
1026 628 1062 654 c.
1077 616 1133 669 3.)
1148 616 1308 656 SOLAN.

98 672 171 709 ead,
187 671 210 708 l.
227 669 445 723 16.‘Opfmi;)
460 670 497 709 P.
512 671 555 710 L.
569 671 606 712 in
621 670 773 723 reliquis
784 667 903 723 ὀργῆς.
918 668 1074 708 SOLAN.

98 723 177 762 ibid.
190 723 382 777 Ἐνὸέσντι)
402 725 634 763 Narraverat
650 724 839 764 Lucianus
851 754 861 771 ‚
875 723 1198 774 quemadmodum
1214 754 1225 769 ‚
1240 722 1309 762 ubi

47 786 195 816 tantum
210 790 288 817 non
304 778 348 816 ad
370 776 605 817 certissimam
631 788 795 816 mortem
815 776 953 817 scelere
973 777 1178 815 Alexandri
1199 776 1310 816 Pseu-

0 827 1 832 ’
46 830 235 869 domantis
257 831 438 871 adductus
459 830 570 877 esset,
586 831 713 883 ’γόητα
727 831 828 870 hunc
843 830 1021 869 detulerit
1035 831 1078 868 ad
1099 830 1310 881 Bithyniae

0 924 1 931 ἵ
45 883 251 937 praesidem
264 899 274 932 3
287 896 324 923 at
337 884 542 937 praesidem
554 885 657 924 illum
672 886 781 924 enixe
793 883 939 936 rogasse
950 912 964 929 ‚
979 883 1165 923 desisteret
1178 885 1224 922 ab
1237 884 1310 924 hac

47 937 157 977 causa
167 967 177 984 ,
193 950 316 990 neque
331 939 431 978 enim
444 937 510 977 sibi
528 938 751 990 potestatem
765 937 847 977 fore
859 938 940 977 eius
953 938 1149 989 puniendi,
1168 937 1254 976 licet
1266 938 1312 977 de
1337 958 1344 961 -

45 990 249 1030 manifestis
262 992 404 1032 iniuriis
421 993 742 1040 convinceretur3
759 1002 917 1044 propter
932 993 1089 1043 gratiam
1105 991 1282 1030 nimirum
1297 1020 1310 1039 ,

46 1058 123 1097 qua
135 1044 394 1098 praestigiator
414 1046 475 1085 ille
490 1046 642 1085 valebat
658 1046 756 1097 apud
776 1045 1028 1084 Rutilianum.
1043 1046 1174 1097 Atque
1189 1045 1285 1084 adeo
1296 1074 1311 1091 ‚

0 1146 1 1151 ¹
47 1098 172 1151 inquit
187 1100 399 1148 Lucianus‚
416 1100 508 1139 iram
523 1113 645 1139 meam
659 1098 806 1146 sedavi,
821 1098 952 1138 na&us
967 1098 1126 1137 iudicem
1141 1099 1191 1137 ita
1207 1111 1313 1138 com-

45 1162 236 1205 paratum.
258 1150 365 1192 Οὕτω
376 1153 445 1202 μὲν
464 1153 648 1193 ἀνεκόπην
667 1152 730 1192 τῆς
748 1151 868 1205 ὀργῆς,
887 1152 951 1190 καὶ
969 1152 1228 1201 ἀνεπαυόμην,
1245 1149 1312 1190 oda

49 1204 206 1245 {vse‘w‘tt
223 1207 501 1258 δρασυνὸμενος,
519 1206 571 1254 ἐφ’
586 1203 680 1245 οὕτω
691 1204 878 1255 ἓνεκα-τοῦ
892 1205 1139 1256 ἒιοωιειμένου.
1155 1206 1206 1244 At
1219 1206 1311 1258 quid

0 1273 1 1280 ¹
49 1254 115 1302 οὗκ
129 1258 284 1298 {usiam
298 1261 559 1312 θρασυνόμενος
572 1260 638 1299 sibi
653 1260 757 1299 vult?
768 1258 986 1300 Bafileenfis
999 1259 1109 1298 habet
1122 1258 1240 1298 ἐνδέον
1255 1271 1310 1299 τί.

48 1311 121 1351 Sed
143 1312 183 1352 &
206 1314 296 1353 illud
315 1315 407 1353 nihil
425 1314 490 1354 est.
507 1314 630 1353 Aliter
647 1313 932 1366 dispescendum
955 1314 1029 1352 hoc
1052 1325 1101 1352 ex
1124 1313 1210 1352 edit.
1228 1314 1315 1353 Ald.

49 1379 187 1419 nempe
202 1365 266 1406 οὐκ
279 1367 311 1407 ἐν
325 1367 444 1408 δέοντι
458 1369 740 1419 θρασυνόμενος,
754 1367 885 1420 supple
906 1366 1031 1418 καιρῷ.
1052 1368 1152 1418 Ego,
1167 1367 1314 1419 inquit,

49 1420 115 1460 hoc
129 1424 225 1460 modo
233 1420 323 1473 fregi
337 1423 372 1461 6³
378 1423 499 1473 sedavi
513 1423 597 1461 iram
608 1451 618 1468 ‚
633 1438 699 1461 non
713 1423 899 1473 tempestivo
910 1434 1051 1471 tempore
1066 1437 1129 1459 rem
1143 1421 1236 1459 illam
1250 1435 1311 1473 ag-

48 1474 263 1527 grcffiisffub
274 1477 381 1515 iudice
391 1477 443 1514 ita
453 1489 657 1529 comparato.
670 1475 839 1528 Respicit
852 1473 1088 1526 praemissam
1103 1473 1313 1522 historiam,

50 1527 119 1567 ubi
136 1530 330 1575 narravit,
348 1530 385 1569 se
410 1530 616 1582 aliquando
638 1530 684 1568 ad
704 1530 968 1569 Alexandrum
991 1529 1212 1572 adeuntem,
1230 1541 1313 1566 ma-

49 1592 144 1620 num
165 1583 249 1622 eius
262 1582 507 1623 osculandam
533 1584 724 1629 oblatam,
747 1581 876 1622 morsu
900 1580 1091 1621 reddidisse
1111 1581 1282 1620 claudam
1300 1612 1314 1628 ,

51 1647 184 1674 coram
205 1637 375 1689 pluribus
394 1637 667 1689 praesentibus:
692 1636 953 1675 Alexandrum
975 1647 1100 1674 autem
1124 1634 1313 1687 generoso

51 1690 181 1729 animo
194 1690 230 1729 id
243 1701 326 1729 tum
343 1690 465 1730 tulisse
477 1722 488 1738 ‚
502 1703 548 1729 ac
566 1690 820 1737 diffimulaffe3
840 1701 877 1728 at
889 1689 985 1728 clam
999 1688 1208 1740 corrupisse
1221 1702 1316 1728 nau-

51 1751 128 1781 tam
140 1772 152 1792 ,
167 1745 233 1797 qui
248 1745 456 1784 Lucianum
471 1745 509 1783 in
523 1744 740 1784 traiiciendo
754 1743 1031 1795 submergeret:
1050 1742 1085 1781 se
1099 1755 1195 1782 vero
1211 1743 1315 1781 miri-

53 1795 150 1844 fice,
165 1797 245 1849 ipso
260 1811 374 1838 nauta
398 1797 596 1837 confilium
613 1797 726 1844 saffo,
743 1796 897 1837 evasisse
917 1797 1010 1836 istud
1033 1796 1199 1843 maltum
1221 1809 1314 1836 mox

51 1849 90 1890 se
104 1851 306 1902 Bithyniae
320 1851 523 1904 praesidem
538 1851 681 1892 adiisse:
697 1852 762 1891 illo
783 1864 881 1891 vero
901 1852 1125 1901 deprecante
1145 1851 1317 1889 Alexan·

53 1904 164 1943 drum
181 1906 363 1958 puniendi
377 1919 544 1952 munus,
557 1905 594 1945 se
610 1905 694 1946 sero
711 1904 989 1958 deprehendisse
1001 1934 1012 1952 ‚
1028 1918 1108 1943 non
1129 1904 1317 1955 tempesti-

55 1971 107 1998 ve
121 1958 216 1998 istud
229 1960 266 1998 in
288 1960 546 2000 Alexandrum
562 1959 709 2000 facinus
723 1959 759 1998 se
773 1959 879 1998 fuisse
903 1958 1048 1998 ausum.
1070 1958 1253 1997 Ceterum
1274 1957 1318 1996 '11-

55 2011 120 2052 lud
136 2013 169 2052 ἑν
184 2013 302 2052 δέοντι
317 2027 389 2067 pro
403 2015 582 2067 tempestive
597 2014 709 2052 habet
724 2026 883 2066 quoque
904 2012 1184 2052 Demosthenes
1197 2012 1211 2050 1
1225 2024 1319 2050 con·

55 2075 116 2106 tra
137 2066 367 2120 Philippum:
389 2068 529 2107 Τούτων
545 2068 614 2117 μὲν
629 2067 750 2120 μέχρι
773 2067 838 2109 τῆς
859 2063 1007 2118 τήμερον
1032 2066 1181 2116 ὖμςρεις,
1199 2062 1318 2104 οὐθενὶ

58 2120 218 2160 πώποτε
239 2122 272 2160 ἐν
285 2121 625 2174 Σέσντῑκέχρησῧε.
644 2122 750 2160 IENS.
766 2122 860 2160 Non
875 2133 1017 2172 operae
1033 2121 1199 2173 pretium
1221 2119 1317 2157 iudi-

54 2175 161 2213 cavit
173 2174 336 2214 Solanus
350 2176 476 2214 varias
488 2175 588 2214 lecit.
603 2176 665 2214 hic
687 2186 842 2222 notare3
857 2176 924 2227 qui
941 2175 978 2213 in
997 2175 1026 2212 I.
1044 2174 1077 2212 ἐν
1092 2173 1212 2213 θέοντι
1233 2184 1318 2211 tan-

32 2271 39 2276 *
57 2239 140 2267 tum
162 2228 259 2268 linea
282 2229 492 2268 transversa
509 2229 679 2282 separare
702 2228 787 2268 satis
802 2229 953 2274 habuit,
975 2228 1016 2267 &
1033 2228 1082 2265 Fl.
1100 2227 1190 2265 nihil
1208 2227 1254 2265 ab
1273 2239 1319 2265 ea

60 2282 178 2328 abire,
194 2283 230 2321 in
248 2296 365 2336 marg.
378 2283 492 2323 eiusd.
506 2284 535 2322 I.
548 2284 748 2323 indicavit:
766 2284 922 2322 merito:
940 2294 1028 2320 nam
1045 2280 1149 2320 facile
1163 2292 1242 2319 erat
1255 2293 1323 2319 ve-

59 2348 140 2390 ram
157 2336 357 2376 leelionem
373 2337 526 2385 videre;
541 2350 610 2377 nec
625 2338 723 2378 enim
741 2349 817 2376 tam
833 2338 934 2377 arcie
953 2336 1005 2374 ibi
1022 2334 1275 2374 cohaerebant
1289 2333 1324 2372 ἐν

60 2389 105 2430 ’δι
122 2389 261 2436 θέοντι,
277 2392 372 2442 quin
392 2391 524 2431 videre
544 2391 695 2437 liceret,
713 2391 805 2430 duas
820 2402 940 2429 voces
960 2388 1055 2436 esse3
1070 2388 1175 2441 quod
1193 2398 1325 2426 autern

62 2454 209 2483 ceterae
223 2445 304 2483 edd.
318 2458 381 2484 eas
396 2446 554 2497 propius
576 2446 735 2484 iunxere
746 2476 757 2491 ,
772 2445 807 2483 id
828 2445 964 2483 vitium
982 2455 1084 2480 mere
1097 2454 1251 2493 typogr.
1269 2439 1325 2478 es⁴

62 2495 100 2536 se
110 2527 122 2546 ,
136 2511 180 2537 ex
190 2497 274 2553 'ipsa
292 2498 469 2540 versione
482 2498 626 2539 Erasmi
641 2509 816 2554 apparet,
832 2498 897 2551 qui
910 2498 945 2536 in
957 2508 1096 2590 rgnpore
1110 2496 1234 2536 vertit.
1250 2493 1341 2539 Est*

855 2564 864 2570 ,
1009 2562 1030 2589 e
1060 2565 1084 2599 4
