1730 3326
393 227 484 283 ςμ
594 215 1463 265 ANNOTATIONES

392 308 465 347 bus
477 306 537 347 hic
547 306 785 360 adscripserat
795 306 830 345 la
842 305 969 346 Croze
981 305 1194 360 sequentia:
1208 307 1327 362 (unde
1338 323 1361 348 v
1367 307 1444 348 ides
1455 308 1472 354 ὁ
1487 318 1574 348 ante
1585 304 1658 354 ⁷31,

391 360 659 413 inserendum)

411 413 552 465 Ἀρχει
564 413 633 464 μὲν
648 415 698 467 ά)
707 413 750 453 ὢν
806 412 849 452 Οἱ
861 415 904 453 τὶ
917 411 999 464 πρὶν
1011 414 1184 456 βασιλεῖς
1233 410 1301 468 Ἴτ’
1315 415 1352 455 ἐς
1365 415 1578 457 ἀντίπαλον

419 467 462 505 ‘O
475 467 545 505 τῶν
560 469 772 506 καλλίστων
808 467 1094 517 Δουλωσέιμενοι
1229 465 1379 508 'lewes
1395 470 1524 521 κρίσιν.

416 516 554 558 Ἂθλων
565 522 723 570 ταμίαις·
804 519 934 559 Ἐθνεοι
951 522 1082 558 πολλὰ.
1236 519 1286 560 0'1'
1295 535 1339 561 τε
1351 522 1521 574 φρόνησιν

420 577 550 625 Καιρὶς
562 573 606 612 δὲ
619 573 740 612 καλεῖ
810 574 880 612 Καὶ
893 574 1109 622 πολέμοισιν
1235 577 1346 614 Τέλος
1358 577 1532 620 ὸλβίστηε

421 628 563 665 Μηκέτι
572 628 733 676 μέλλειν·
810 627 925 666 Δέιϊον
940 626 1064 680 ἔγχος
1232 631 1383 677 Θέμενοι
1401 628 1535 674 Eia-rii:

420 681 526 718 Ἀλλ’
543 681 733 720 ἀκούοντες
813 678 1019 731 Θῆξαντες,
1033 679 1125 730 ὁμοῦ
1239 681 1314 721 Οὓς
1324 682 1361 721 τ’
1373 682 1455 722 ἀντὶ
1467 683 1568 727 βίους

423 735 498 772 Tau
517 733 694 784 ἧμετέροιν
812 736 957 783 Γνώμης
971 747 1012 772 τε
1022 735 1152 787 με’-γαν
1238 737 1348 774 Korn&
1363 736 1476 774 πολλ’
1489 736 1597 788 ἔρξαν

421 784 564 838 Κῆρωιοι
582 788 668 831 βοὰν
813 788 1061 838 Πινυτόφρονοι
1073 786 1150 828 νοῦν
1237 788 1307 828 Καὶ
1319 791 1475 842 χρηστὰ
1486 793 1618 839 φίλους

396 842 539 890 Τικμαρ
556 842 691 886 βιοτευ.
708 863 753 872 -
768 852 839 881 cet.
851 842 897 880 ad
913 840 1067 880 versum
1085 840 1167 880 Ζηνὶ
1185 839 1354 892 μελήσει.
1371 843 1446 882 Adi
1459 843 1658 883 Pollucem

397 893 440 934 L.
453 893 526 940 1V,
539 907 571 933 c.
592 908 637 933 12
650 925 662 941 ,
678 894 847 934 &notas
859 909 893 947 p.
907 907 996 941 40¹·
1012 894 1156 935 Rerrz.

452 947 531 987 ibid.
543 947 616 986 Τῶν
630 949 868 996 καλλίστων)
893 948 957 988 An
981 947 1183 1000 glossema?
1209 948 1246 988 Si
1266 950 1360 990 haec
1381 949 1506 997 tollas,
1529 949 1664 991 versus

396 1000 468 1040 erit
481 1002 756 1055 anapaesticus,
771 1013 811 1041 ut
825 1003 889 1055 qui
909 1001 1090 1054 sequitur.
1109 1003 1199 1043 Non
1211 1002 1390 1056 displicet.
1402 1004 1572 1045 GUYET.
1589 1004 1662 1044 Irn-

398 1067 467 1094 mo
485 1068 564 1095 non
578 1055 698 1106 placet
713 1057 804 1095 haec
814 1056 893 1094 tolli
906 1087 917 1104 ‚
937 1068 1095 1109 propter
1106 1069 1165 1102 ea,
1176 1069 1277 1109 quae
1290 1057 1325 1097 la
1338 1057 1465 1098 Croze
1479 1058 1597 1097 modo
1610 1070 1663 1098 ex

396 1108 548 1147 Iuliano
569 1110 734 1149 adduxit.
754 1110 778 1148 F
786 1109 835 1148 ffe
849 1122 976 1149 autem
992 1122 1226 1163 praeconum
1247 1123 1403 1151 carmen
1421 1140 1433 1159 ,
1448 1110 1610 1151 Solanus
1621 1112 1664 1152 in

398 1173 518 1214 marg.
529 1175 683 1202 notarat
693 1194 703 1210 ‚
719 1163 949 1215 iusseratque
959 1163 1124 1203 conferri
1136 1164 1222 1204 infr.
1237 1164 1388 1218 Peregr.
1398 1178 1431 1206 c.
1443 1179 1503 1218 32.
1514 1165 1665 1206 ΚΕΗ-Ζ.

451 1218 525 1253 md.
541 1216 563 1254 l.
581 1229 637 1255 12.
648 1216 819 1268 Ὀλίγον)
833 1216 921 1255 Vid.
935 1216 1069 1256 Christ.
1085 1217 1230 1258 Simon.
1248 1219 1399 1259 Lithum
1413 1218 1603 1259 Misenum
1619 1220 1660 1260 in

398 1269 503 1307 notis
517 1269 562 1307 ad
576 1270 646 1308 vit.
657 1269 792 1322 Ignatii
809 1270 984 1316 Loiolae,
995 1271 1056 1309 lib.
1073 1272 1126 1320 V,
1142 1284 1176 1310 c.
1197 1287 1232 1324 3,
1248 1286 1282 1325 p.
1299 1287 1383 1326 173.
1395 1284 1450 1312 LA
1459 1272 1624 1313 Cnozt.

452 1325 525 1360 ead.
538 1324 561 1361 l.
579 1337 592 1361 1
607 1323 1231 1377 5.’Opve‘015)Apophth.Leopard.
1247 1327 1406 1366 exhibet
1421 1328 1484 1368 60.
1500 1326 1562 1366 Sic
1577 1337 1664 1367 ante

398 1386 490 1414 eum
507 1375 705 1429 Diogenes
727 1378 967 1417 inhumatum
984 1377 1020 1417 se
1035 1379 1171 1430 proiici
1187 1378 1319 1420 iuffiffe
1333 1380 1469 1428 fertur,
1485 1391 1527 1420 ut
1547 1393 1665 1420 omne

399 1440 523 1482 genus
541 1429 706 1470 ferarum
724 1430 777 1470 sui
792 1431 883 1471 effet
896 1432 1099 1485 particeps.
1115 1431 1233 1485 Diog.
1247 1433 1372 1474 Laert.
1383 1434 1442 1473 VI
1454 1465 1466 1482 ,
1483 1447 1519 1486 p.
1534 1435 1607 1485 156
1622 1434 1666 1474 F.

399 1483 507 1535 quod
519 1482 636 1524 fufius
649 1486 762 1525 etiam
780 1499 800 1523 a
815 1485 1007 1525 Cicerone
1020 1497 1192 1526 narratur
1203 1486 1371 1534 Tusc.1,
1386 1502 1450 1541 43.
1465 1488 1626 1529 SOLAN.

454 1536 545 1589 Pag.
562 1553 582 1577 2
593 1551 649 1589 55.
666 1540 688 1576 l.
702 1555 736 1578 2.
752 1535 864 1578 Αὐτὸν
878 1539 1075 1592 δημοσίᾳ.)
1097 1540 1188 1579 Non
1209 1540 1367 1580 attendit
1382 1542 1427 1580 ad
1444 1553 1585 1582 vocem
1599 1541 1667 1584 Ση-

398 1591 530 1640 μοσίᾳ.
545 1592 786 1645 Interpretes‚
801 1609 874 1632 cum
887 1594 977 1632 luHu
984 1595 1122 1646 publico
1134 1596 1344 1634 extulerunt:
1359 1606 1402 1634 ut
1413 1595 1549 1648 Lysias
1560 1595 1667 1636 Rhe-

399 1652 465 1684 tor
481 1644 518 1682 in
540 1645 764 1699 Epitaphio,
787 1644 806 1685 ii
827 1646 939 1686 πόλις
957 1645 1094 1687 αὐτοὺς
1108 1649 1170 1688 καὶ
1186 1648 1363 1690 ἐπένθησε
1383 1647 1579 1699 κοιὶέθοιιψε
1593 1649 1668 1690 &no

398 1699 541 1747 μοσίᾳ,
589 1700 712 1744 ublice,
724 1702 799 1752 five
810 1699 932 1751 fimere
950 1701 1107 1759 publico,
1118 1704 1193 1754 five
1206 1703 1339 1755 publico
1360 1703 1459 1742 luftu.
1480 1702 1544 1742 De
1558 1702 1670 1744 lufflt

399 1751 558 1804 publico
583 1753 782 1807 ongiffima
793 1755 975 1794 narratio.
991 1755 1097 1795 Licet
1109 1756 1284 1797 videatur
1296 1755 1511 1797 satisdatum
1526 1769 1549 1796 a
1562 1757 1668 1801 Mar«

398 1805 478 1844 tial.
494 1807 535 1846 δι
547 1806 643 1846 Pers.
658 1808 833 1848 Bou-Ro.
1566 1842 1567 1846 ,

461 1863 535 1899 ead.
553 1860 576 1898 l.
594 1876 630 1909 4.
643 1865 708 1901 T¹0v
728 1861 846 1902 θῶκον
862 1863 924 1902 τὶν
946 1861 1097 1916 λίθινον)
1118 1863 1231 1903 Bona
1251 1862 1579 1918 fide,·potuifline
1599 1871 1670 1906 na-⁴

398 1911 483 1952 sum
494 1914 552 1953 hic
561 1916 776 1962 continere,
789 1916 977 1956 Luciane?
990 1917 1146 1956 Poteras
1163 1918 1277 1969 igitur
1289 1916 1451 1958 fortaffis
1463 1919 1575 1958 etiam
1586 1930 1669 1959 non

397 1967 521 2007 ridere
534 1967 639 2008 illum
654 1969 897 2009 invenustum
923 1970 1116 2009 hominem
1130 2002 1140 2019 ,
1155 1972 1219 2023 qui
1238 1976 1326 2011 c'um
1349 1972 1501 2012 alterius
1522 1973 1577 2012 rei
1601 1985 1668 2013 co-

400 2021 462 2074 pia
485 2034 563 2060 non
580 2022 668 2064 effet
681 2054 692 2071 ‚
712 2023 844 2063 locum
866 2023 1123 2073 osculabatur,
1140 2026 1204 2064 ubi
1221 2024 1386 2067 assedisse
1409 2024 1479 2065 τῆς
1494 2022 1668 2078 εὖμοιρίης

371 2111 374 2115 ,
398 2072 520 2115 ε’ίνεκοι
540 2077 724 2116 Helenam
742 2076 845 2116 suam
863 2078 981 2131 paulo
993 2089 1080 2120 ante
1095 2089 1274 2120 noverat.
1286 2080 1380 2120 -Hoc
1395 2090 1477 2120 erat
1493 2090 1668 2120 extrema

398 2128 501 2169 linea
515 2143 652 2170 amare.
669 2131 796 2172 Gtsr«.

398 2217 1312 2229 -—-———n——-*

731 2266 833 2311 IN
900 2264 1341 2312 AMORES.

453 2345 542 2400 Pag.
560 2360 580 2385 2
590 2347 647 2399 56.
663 2347 688 2384 I.
704 2361 736 2385 1.
750 2346 941 2396 ΕΡΩΤΕΣ)
956 2345 1047 2385 Non
1063 2344 1137 2384 effe
1151 2345 1320 2392 Luciam,
1335 2344 1396 2384 sed
1411 2343 1583 2393 alicuius,
1595 2342 1665 2397 qui
1680 2358 1685 2361 ·

396 2399 611 2439 Lucianum
629 2400 904 2452 supervixerit,
917 2403 992 2439 iam
1008 2400 1143 2438 monui
1160 2397 1396 2452 praefatione
1411 2398 1456 2437 ad
1468 2398 1668 2439 leRorem.

395 2454 563 2492 Videtur
584 2454 658 2493 effe
676 2453 914 2494 Aristaeneti.
940 2454 1109 2492 Incertus
1129 2453 1311 2504 interpres
1331 2453 1513 2493 le&orem
1534 2452 1667 2508 curio-

398 2504 482 2547 sum
501 2506 707 2563 saepissime
725 2508 874 2563 decipit.
891 2508 1064 2550 Bomzn.
1087 2507 1164 2550 Hic
1189 2505 1381 2564 Dialogus
1398 2506 1563 2551 Luciani
1581 2516 1662 2549 non
