<?xml version="1.0" encoding="UTF-8"?>
<!DOCTYPE html PUBLIC "-//W3C//DTD XHTML 1.0 Transitional//EN"
    "http://www.w3.org/TR/xhtml1/DTD/xhtml1-transitional.dtd">
<html xmlns="http://www.w3.org/1999/xhtml" xml:lang="en" lang="en">
 <head>
  <title>
</title>
<meta http-equiv="Content-Type" content="text/html;charset=utf-8" />
  <meta name='ocr-system' content='tesseract 3.04.00' />
  <meta name='ocr-capabilities' content='ocr_page ocr_carea ocr_par ocr_line ocrx_word'/>
</head>
<body>
  <div class='ocr_page' id='page_1' title='image "./operagraeceetlat05luciuoft/operagraeceetlat05luciuoft_0548.png"; bbox 0 0 1730 3326; ppageno 0'>
   <div class='ocr_carea' id='block_1_1' title="bbox 429 192 1488 259">
    <p class='ocr_par' dir='ltr' id='par_1_1' title="bbox 429 192 1488 259">
     <span class='ocr_line' id='line_1_1' title="bbox 429 192 1488 259; baseline 0.001 -16"><span class='ocrx_word' id='word_1_1' title='bbox 429 194 519 259; x_wconf 58' lang='lat' dir='ltr'>5ss</span> <span class='ocrx_word' id='word_1_2' title='bbox 623 192 1488 244; x_wconf 75' lang='lat' dir='ltr'>ANNOTATroNEs</span> 
     </span>
    </p>
   </div>
   <div class='ocr_carea' id='block_1_2' title="bbox 424 284 1699 2528">
    <p class='ocr_par' dir='ltr' id='par_1_2' title="bbox 424 284 1683 488">
     <span class='ocr_line' id='line_1_2' title="bbox 424 284 1683 338; baseline 0.005 -15"><span class='ocrx_word' id='word_1_3' title='bbox 424 285 464 324; x_wconf 77' lang='grc' dir='ltr'>δι</span> <span class='ocrx_word' id='word_1_4' title='bbox 478 285 585 338; x_wconf 86' lang='grc' dir='ltr'><strong><em>Ὀρχ.</em></strong></span> <span class='ocrx_word' id='word_1_5' title='bbox 598 297 631 324; x_wconf 90' lang='lat' dir='ltr'>c.</span> <span class='ocrx_word' id='word_1_6' title='bbox 646 284 718 337; x_wconf 77' lang='lat'>633</span> <span class='ocrx_word' id='word_1_7' title='bbox 742 285 863 333; x_wconf 86' lang='lat' dir='ltr'>unde,</span> <span class='ocrx_word' id='word_1_8' title='bbox 892 285 1057 325; x_wconf 85' lang='lat' dir='ltr'>Neronis</span> <span class='ocrx_word' id='word_1_9' title='bbox 1076 296 1250 337; x_wconf 88' lang='lat' dir='ltr'>tempore</span> <span class='ocrx_word' id='word_1_10' title='bbox 1263 286 1396 326; x_wconf 77' lang='lat' dir='ltr'>vixisse</span> <span class='ocrx_word' id='word_1_11' title='bbox 1410 288 1511 327; x_wconf 89' lang='lat' dir='ltr'>hunc</span> <span class='ocrx_word' id='word_1_12' title='bbox 1531 286 1683 330; x_wconf 70' lang='lat' dir='ltr'>Demea</span> 
     </span>
     <span class='ocr_line' id='line_1_3' title="bbox 424 338 1677 392; baseline 0.004 -15"><span class='ocrx_word' id='word_1_13' title='bbox 424 339 556 384; x_wconf 84' lang='lat' dir='ltr'>trium,</span> <span class='ocrx_word' id='word_1_14' title='bbox 577 338 730 377; x_wconf 83' lang='lat' dir='ltr'>constat.</span> <span class='ocrx_word' id='word_1_15' title='bbox 748 338 915 378; x_wconf 90' lang='lat' dir='ltr'>Consule</span> <span class='ocrx_word' id='word_1_16' title='bbox 927 338 1047 390; x_wconf 85' lang='lat' dir='ltr'>Diog.</span> <span class='ocrx_word' id='word_1_17' title='bbox 1070 339 1193 378; x_wconf 79' lang='lat' dir='ltr'>Laert.</span> <span class='ocrx_word' id='word_1_18' title='bbox 1207 340 1261 387; x_wconf 91' lang='lat' dir='ltr'>V,</span> <span class='ocrx_word' id='word_1_19' title='bbox 1275 339 1338 388; x_wconf 82' lang='lat'>84,</span> <span class='ocrx_word' id='word_1_20' title='bbox 1353 354 1388 392; x_wconf 84' lang='lat' dir='ltr'>p.</span> <span class='ocrx_word' id='word_1_21' title='bbox 1403 344 1470 379; x_wconf 81' lang='lat'>161</span> <span class='ocrx_word' id='word_1_22' title='bbox 1487 342 1535 380; x_wconf 88' lang='lat' dir='ltr'>A.</span> <span class='ocrx_word' id='word_1_23' title='bbox 1550 342 1677 382; x_wconf 84' lang='lat' dir='ltr'>Huius</span> 
     </span>
     <span class='ocr_line' id='line_1_4' title="bbox 424 390 1680 445; baseline 0.003 -15"><span class='ocrx_word' id='word_1_24' title='bbox 424 390 662 430; x_wconf 84' lang='lat' dir='ltr'>Phavorinus</span> <span class='ocrx_word' id='word_1_25' title='bbox 678 391 889 431; x_wconf 86' lang='lat' dir='ltr'>honorifice</span> <span class='ocrx_word' id='word_1_26' title='bbox 904 393 942 430; x_wconf 91' lang='lat' dir='ltr'>in</span> <span class='ocrx_word' id='word_1_27' title='bbox 956 390 1101 445; x_wconf 85' lang='lat' dir='ltr'>scriptis</span> <span class='ocrx_word' id='word_1_28' title='bbox 1116 391 1211 438; x_wconf 88' lang='lat' dir='ltr'>suis,</span> <span class='ocrx_word' id='word_1_29' title='bbox 1230 392 1321 432; x_wconf 89' lang='lat' dir='ltr'>teste</span> <span class='ocrx_word' id='word_1_30' title='bbox 1333 394 1467 433; x_wconf 86' lang='lat' dir='ltr'>ibidem</span> <span class='ocrx_word' id='word_1_31' title='bbox 1482 393 1680 435; x_wconf 85' lang='lat' dir='ltr'>Philostra-</span> 
     </span>
     <span class='ocr_line' id='line_1_5' title="bbox 426 443 917 488; baseline 0.002 -5"><span class='ocrx_word' id='word_1_32' title='bbox 426 454 493 488; x_wconf 82' lang='lat' dir='ltr'>to,</span> <span class='ocrx_word' id='word_1_33' title='bbox 515 445 746 485; x_wconf 80' lang='lat' dir='ltr'>meminerat.</span> <span class='ocrx_word' id='word_1_34' title='bbox 760 443 917 484; x_wconf 61' lang='lat' dir='ltr'>Socim.</span> 
     </span>
    </p>

    <p class='ocr_par' dir='ltr' id='par_1_3' title="bbox 426 496 1685 856">
     <span class='ocr_line' id='line_1_6' title="bbox 480 496 1677 553; baseline 0.003 -17"><span class='ocrx_word' id='word_1_35' title='bbox 480 501 551 537; x_wconf 81' lang='lat' dir='ltr'>ead.</span> <span class='ocrx_word' id='word_1_36' title='bbox 567 499 590 536; x_wconf 91' lang='lat' dir='ltr'>l.</span> <span class='ocrx_word' id='word_1_37' title='bbox 608 511 663 547; x_wconf 89' lang='lat'>¹4·</span> <span class='ocrx_word' id='word_1_38' title='bbox 676 498 920 550; x_wconf 58' lang='grc' dir='ltr'>Τιμοκράτει)</span> <span class='ocrx_word' id='word_1_39' title='bbox 933 496 1150 549; x_wconf 69' lang='grc' dir='ltr'>νίἀ.Ἀλεξ.</span> <span class='ocrx_word' id='word_1_40' title='bbox 1167 511 1198 538; x_wconf 92' lang='lat' dir='ltr'>c.</span> <span class='ocrx_word' id='word_1_41' title='bbox 1221 512 1282 550; x_wconf 86' lang='lat'>57,</span> <span class='ocrx_word' id='word_1_42' title='bbox 1295 499 1334 538; x_wconf 74' lang='grc' dir='ltr'>δι</span> <span class='ocrx_word' id='word_1_43' title='bbox 1345 499 1458 550; x_wconf 84' lang='grc' dir='ltr'><strong><em>Ὀρχ.</em></strong></span> <span class='ocrx_word' id='word_1_44' title='bbox 1481 512 1514 539; x_wconf 91' lang='lat' dir='ltr'>c.</span> <span class='ocrx_word' id='word_1_45' title='bbox 1531 500 1594 553; x_wconf 84' lang='lat'>69.</span> <span class='ocrx_word' id='word_1_46' title='bbox 1610 499 1677 541; x_wconf 77' lang='lat' dir='ltr'>De</span> 
     </span>
     <span class='ocr_line' id='line_1_7' title="bbox 426 549 1679 606; baseline 0.002 -15"><span class='ocrx_word' id='word_1_47' title='bbox 426 563 476 591; x_wconf 90' lang='lat' dir='ltr'>eo</span> <span class='ocrx_word' id='word_1_48' title='bbox 491 550 659 590; x_wconf 84' lang='lat' dir='ltr'>Philostr.</span> <span class='ocrx_word' id='word_1_49' title='bbox 675 565 710 603; x_wconf 87' lang='lat' dir='ltr'>p.</span> <span class='ocrx_word' id='word_1_50' title='bbox 731 564 779 590; x_wconf 87' lang='lat' dir='ltr'>m.</span> <span class='ocrx_word' id='word_1_51' title='bbox 803 552 893 601; x_wconf 82' lang='lat'>265,</span> <span class='ocrx_word' id='word_1_52' title='bbox 907 551 924 603; x_wconf 90' lang='lat'>(</span> <span class='ocrx_word' id='word_1_53' title='bbox 939 551 1036 604; x_wconf 80' lang='lat'><em>536)</em></span> <span class='ocrx_word' id='word_1_54' title='bbox 1055 552 1117 590; x_wconf 67' lang='grc' dir='ltr'>τῆς</span> <span class='ocrx_word' id='word_1_55' title='bbox 1133 551 1178 590; x_wconf 61' lang='grc' dir='ltr'>Σὲ</span> <span class='ocrx_word' id='word_1_56' title='bbox 1191 553 1367 603; x_wconf 74' lang='grc' dir='ltr'>’γλώττης</span> <span class='ocrx_word' id='word_1_57' title='bbox 1387 550 1543 604; x_wconf 73' lang='grc' dir='ltr'><strong><em>εὐφόρως</em></strong></span> <span class='ocrx_word' id='word_1_58' title='bbox 1563 549 1653 606; x_wconf 72' lang='grc' dir='ltr'>εἶχε</span> <span class='ocrx_word' id='word_1_59' title='bbox 1664 584 1679 602; x_wconf 85' lang='grc'>,</span> 
     </span>
     <span class='ocr_line' id='line_1_8' title="bbox 427 603 1681 657; baseline 0.003 -15"><span class='ocrx_word' id='word_1_60' title='bbox 427 604 492 642; x_wconf 66' lang='grc' dir='ltr'>καὶ</span> <span class='ocrx_word' id='word_1_61' title='bbox 513 604 700 654; x_wconf 61' lang='grc' dir='ltr'><strong><em>σφσὲρῶς,</em></strong></span> <span class='ocrx_word' id='word_1_62' title='bbox 720 605 780 642; x_wconf 67' lang='grc' dir='ltr'>καὶ</span> <span class='ocrx_word' id='word_1_63' title='bbox 802 603 965 653; x_wconf 78' lang='grc' dir='ltr'><strong><em>ἑτοίμως.</em></strong></span> <span class='ocrx_word' id='word_1_64' title='bbox 983 603 1096 644; x_wconf 90' lang='lat' dir='ltr'>Circa</span> <span class='ocrx_word' id='word_1_65' title='bbox 1114 616 1174 643; x_wconf 91' lang='lat' dir='ltr'>an.</span> <span class='ocrx_word' id='word_1_66' title='bbox 1192 604 1282 644; x_wconf 85' lang='lat' dir='ltr'><strong>Chr.</strong></span> <span class='ocrx_word' id='word_1_67' title='bbox 1304 618 1374 657; x_wconf 87' lang='lat'>¹30</span> <span class='ocrx_word' id='word_1_68' title='bbox 1386 605 1554 645; x_wconf 84' lang='lat' dir='ltr'>floruiffe</span> <span class='ocrx_word' id='word_1_69' title='bbox 1567 607 1681 646; x_wconf 88' lang='lat' dir='ltr'>tradi·</span> 
     </span>
     <span class='ocr_line' id='line_1_9' title="bbox 426 656 1680 710; baseline 0.002 -14"><span class='ocrx_word' id='word_1_70' title='bbox 426 666 490 696; x_wconf 88' lang='lat' dir='ltr'>tur</span> <span class='ocrx_word' id='word_1_71' title='bbox 503 658 538 695; x_wconf 91' lang='lat' dir='ltr'>in</span> <span class='ocrx_word' id='word_1_72' title='bbox 551 657 737 697; x_wconf 86' lang='lat' dir='ltr'>Chronol.</span> <span class='ocrx_word' id='word_1_73' title='bbox 750 656 910 710; x_wconf 84' lang='lat' dir='ltr'>Sophist.</span> <span class='ocrx_word' id='word_1_74' title='bbox 924 656 1092 696; x_wconf 85' lang='lat' dir='ltr'>Philostr.</span> <span class='ocrx_word' id='word_1_75' title='bbox 1106 657 1222 709; x_wconf 86' lang='lat' dir='ltr'><strong>Quae</strong></span> <span class='ocrx_word' id='word_1_76' title='bbox 1237 658 1261 696; x_wconf 79' lang='lat' dir='ltr'>si</span> <span class='ocrx_word' id='word_1_77' title='bbox 1274 671 1364 697; x_wconf 88' lang='lat' dir='ltr'>vera</span> <span class='ocrx_word' id='word_1_78' title='bbox 1377 657 1475 705; x_wconf 90' lang='lat' dir='ltr'>sunt,</span> <span class='ocrx_word' id='word_1_79' title='bbox 1487 670 1551 698; x_wconf 86' lang='lat' dir='ltr'>aut</span> <span class='ocrx_word' id='word_1_80' title='bbox 1563 660 1680 699; x_wconf 86' lang='lat' dir='ltr'>alium</span> 
     </span>
     <span class='ocr_line' id='line_1_10' title="bbox 426 710 1680 764; baseline 0.003 -14"><span class='ocrx_word' id='word_1_81' title='bbox 426 711 687 750; x_wconf 84' lang='lat' dir='ltr'>Timocratem</span> <span class='ocrx_word' id='word_1_82' title='bbox 712 711 912 759; x_wconf 85' lang='lat' dir='ltr'>denotant,</span> <span class='ocrx_word' id='word_1_83' title='bbox 936 721 1001 749; x_wconf 89' lang='lat' dir='ltr'>aut</span> <span class='ocrx_word' id='word_1_84' title='bbox 1026 710 1084 749; x_wconf 92' lang='lat' dir='ltr'>hic</span> <span class='ocrx_word' id='word_1_85' title='bbox 1108 711 1220 750; x_wconf 89' lang='lat' dir='ltr'>etiam</span> <span class='ocrx_word' id='word_1_86' title='bbox 1245 711 1458 764; x_wconf 80' lang='lat' dir='ltr'>longaevus</span> <span class='ocrx_word' id='word_1_87' title='bbox 1487 712 1570 752; x_wconf 89' lang='lat' dir='ltr'>fuit.</span> <span class='ocrx_word' id='word_1_88' title='bbox 1590 713 1680 754; x_wconf 90' lang='lat' dir='ltr'>Vid.</span> 
     </span>
     <span class='ocr_line' id='line_1_11' title="bbox 427 763 1685 819; baseline 0.002 -17"><span class='ocrx_word' id='word_1_89' title='bbox 427 763 538 816; x_wconf 82' lang='grc' dir='ltr'><strong><em>Ὀρχ.</em></strong></span> <span class='ocrx_word' id='word_1_90' title='bbox 561 777 641 817; x_wconf 87' lang='lat' dir='ltr'>cap.</span> <span class='ocrx_word' id='word_1_91' title='bbox 654 763 716 816; x_wconf 83' lang='lat'>69.</span> <span class='ocrx_word' id='word_1_92' title='bbox 738 764 808 803; x_wconf 82' lang='lat' dir='ltr'>Sed</span> <span class='ocrx_word' id='word_1_93' title='bbox 827 774 925 802; x_wconf 87' lang='lat' dir='ltr'>errat</span> <span class='ocrx_word' id='word_1_94' title='bbox 941 763 1187 803; x_wconf 87' lang='lat' dir='ltr'>Chronicon:</span> <span class='ocrx_word' id='word_1_95' title='bbox 1207 777 1294 803; x_wconf 87' lang='lat' dir='ltr'>nam</span> <span class='ocrx_word' id='word_1_96' title='bbox 1315 766 1360 804; x_wconf 92' lang='lat' dir='ltr'>de</span> <span class='ocrx_word' id='word_1_97' title='bbox 1380 765 1453 805; x_wconf 89' lang='lat' dir='ltr'>hoc</span> <span class='ocrx_word' id='word_1_98' title='bbox 1474 765 1558 819; x_wconf 88' lang='lat' dir='ltr'>ipso</span> <span class='ocrx_word' id='word_1_99' title='bbox 1579 765 1685 806; x_wconf 78' lang='lat' dir='ltr'>haud</span> 
     </span>
     <span class='ocr_line' id='line_1_12' title="bbox 427 815 939 856; baseline -0.002 0"><span class='ocrx_word' id='word_1_100' title='bbox 427 817 539 856; x_wconf 84' lang='lat' dir='ltr'>dubie</span> <span class='ocrx_word' id='word_1_101' title='bbox 557 816 680 855; x_wconf 88' lang='lat' dir='ltr'>sermo</span> <span class='ocrx_word' id='word_1_102' title='bbox 700 816 762 855; x_wconf 81' lang='lat' dir='ltr'>est.</span> <span class='ocrx_word' id='word_1_103' title='bbox 784 815 939 855; x_wconf 51' lang='lat' dir='ltr'>Some.</span> 
     </span>
    </p>

    <p class='ocr_par' dir='ltr' id='par_1_4' title="bbox 481 869 1684 963">
     <span class='ocr_line' id='line_1_13' title="bbox 481 869 1684 963; baseline 0.002 -55"><span class='ocrx_word' id='word_1_104' title='bbox 481 871 574 921; x_wconf 73' lang='lat' dir='ltr'>Pag.</span> <span class='ocrx_word' id='word_1_105' title='bbox 589 884 675 963; x_wconf 55' lang='grc' dir='ltr'>ἔῃ.</span> <span class='ocrx_word' id='word_1_106' title='bbox 689 870 712 908; x_wconf 91' lang='lat' dir='ltr'>l.</span> <span class='ocrx_word' id='word_1_107' title='bbox 735 883 764 908; x_wconf 89' lang='lat'>1.</span> <span class='ocrx_word' id='word_1_108' title='bbox 791 870 893 909; x_wconf 69' lang='grc' dir='ltr'>Ἀλλ’</span> <span class='ocrx_word' id='word_1_109' title='bbox 907 869 922 908; x_wconf 85' lang='grc' dir='ltr'>ὁ</span> <span class='ocrx_word' id='word_1_110' title='bbox 936 871 1013 924; x_wconf 61' lang='grc' dir='ltr'>γὰρ</span> <span class='ocrx_word' id='word_1_111' title='bbox 1024 869 1237 924; x_wconf 71' lang='grc' dir='ltr'>Δημῶναξ)</span> <span class='ocrx_word' id='word_1_112' title='bbox 1260 871 1360 924; x_wconf 87' lang='lat' dir='ltr'>Lege</span> <span class='ocrx_word' id='word_1_113' title='bbox 1375 871 1542 912; x_wconf 87' lang='lat' dir='ltr'>omnino</span> <span class='ocrx_word' id='word_1_114' title='bbox 1551 871 1639 912; x_wconf 73' lang='grc' dir='ltr'>ἀλλ’</span> <span class='ocrx_word' id='word_1_115' title='bbox 1663 870 1684 911; x_wconf 63' lang='grc' dir='ltr'>δ’</span> 
     </span>
    </p>

    <p class='ocr_par' dir='ltr' id='par_1_5' title="bbox 428 928 1688 1229">
     <span class='ocr_line' id='line_1_14' title="bbox 495 928 1168 962; baseline 0.004 -1"><span class='ocrx_word' id='word_1_116' title='bbox 495 930 564 962; x_wconf 76' lang='lat' dir='ltr'>An.</span> <span class='ocrx_word' id='word_1_117' title='bbox 615 933 745 962; x_wconf 75' lang='grc' dir='ltr'><strong>οιΑΝ.</strong></span> <span class='ocrx_word' id='word_1_118' title='bbox 1165 928 1168 930; x_wconf 73' lang='grc'>’</span> 
     </span>
     <span class='ocr_line' id='line_1_15' title="bbox 428 937 1687 1030; baseline 0.003 -15"><span class='ocrx_word' id='word_1_119' title='bbox 428 937 553 1015; x_wconf 58' lang='grc' dir='ltr'>γεεαᾱ.</span> <span class='ocrx_word' id='word_1_120' title='bbox 572 977 593 1014; x_wconf 94' lang='lat' dir='ltr'>l.</span> <span class='ocrx_word' id='word_1_121' title='bbox 610 991 646 1029; x_wconf 88' lang='lat'>9.</span> <span class='ocrx_word' id='word_1_122' title='bbox 667 977 847 1016; x_wconf 73' lang='grc' dir='ltr'><strong><em>Ἀνίπτοκ</em></strong></span> <span class='ocrx_word' id='word_1_123' title='bbox 860 990 912 1030; x_wconf 61' lang='grc' dir='ltr'>γε</span> <span class='ocrx_word' id='word_1_124' title='bbox 922 976 1039 1029; x_wconf 71' lang='grc' dir='ltr'><strong>ποσὶ)</strong></span> <span class='ocrx_word' id='word_1_125' title='bbox 1060 976 1293 1030; x_wconf 86' lang='lat' dir='ltr'>Neutiquam</span> <span class='ocrx_word' id='word_1_126' title='bbox 1312 977 1576 1018; x_wconf 82' lang='lat' dir='ltr'>inexercitatus</span> <span class='ocrx_word' id='word_1_127' title='bbox 1589 1007 1599 1023; x_wconf 90' lang='lat'>‚</span> <span class='ocrx_word' id='word_1_128' title='bbox 1621 990 1687 1019; x_wconf 86' lang='lat' dir='ltr'>ne·</span> 
     </span>
     <span class='ocr_line' id='line_1_16' title="bbox 428 1029 1686 1082; baseline 0.002 -13"><span class='ocrx_word' id='word_1_129' title='bbox 428 1043 505 1081; x_wconf 88' lang='lat' dir='ltr'>que</span> <span class='ocrx_word' id='word_1_130' title='bbox 519 1032 640 1069; x_wconf 71' lang='lat' dir='ltr'>rudis:</span> <span class='ocrx_word' id='word_1_131' title='bbox 655 1043 733 1081; x_wconf 90' lang='lat' dir='ltr'>quo</span> <span class='ocrx_word' id='word_1_132' title='bbox 746 1031 957 1082; x_wconf 88' lang='lat' dir='ltr'>proverbio</span> <span class='ocrx_word' id='word_1_133' title='bbox 975 1031 1086 1069; x_wconf 88' lang='lat' dir='ltr'>etiam</span> <span class='ocrx_word' id='word_1_134' title='bbox 1101 1029 1187 1069; x_wconf 86' lang='lat' dir='ltr'>usus</span> <span class='ocrx_word' id='word_1_135' title='bbox 1200 1030 1252 1070; x_wconf 89' lang='lat' dir='ltr'>est</span> <span class='ocrx_word' id='word_1_136' title='bbox 1264 1032 1301 1069; x_wconf 90' lang='lat' dir='ltr'>in</span> <span class='ocrx_word' id='word_1_137' title='bbox 1315 1031 1474 1070; x_wconf 86' lang='lat' dir='ltr'>Rhetor.</span> <span class='ocrx_word' id='word_1_138' title='bbox 1519 1042 1686 1082; x_wconf 82' lang='lat' dir='ltr'>raecept.</span> 
     </span>
     <span class='ocr_line' id='line_1_17' title="bbox 428 1083 1688 1137; baseline 0.001 -14"><span class='ocrx_word' id='word_1_139' title='bbox 428 1084 572 1123; x_wconf 71' lang='lat' dir='ltr'>COGN.</span> <span class='ocrx_word' id='word_1_140' title='bbox 590 1083 690 1122; x_wconf 88' lang='lat' dir='ltr'>Vide</span> <span class='ocrx_word' id='word_1_141' title='bbox 705 1083 941 1136; x_wconf 85' lang='lat' dir='ltr'>Paroemiog.</span> <span class='ocrx_word' id='word_1_142' title='bbox 958 1084 1128 1122; x_wconf 75' lang='lat' dir='ltr'>Bounn.</span> <span class='ocrx_word' id='word_1_143' title='bbox 1147 1084 1326 1123; x_wconf 73' lang='grc' dir='ltr'><strong><em>Ἀνίπτοις</em></strong></span> <span class='ocrx_word' id='word_1_144' title='bbox 1338 1098 1387 1137; x_wconf 71' lang='grc' dir='ltr'>γε</span> <span class='ocrx_word' id='word_1_145' title='bbox 1398 1085 1439 1124; x_wconf 89' lang='lat' dir='ltr'>L.</span> <span class='ocrx_word' id='word_1_146' title='bbox 1501 1084 1564 1123; x_wconf 91' lang='lat' dir='ltr'>.B.</span> <span class='ocrx_word' id='word_1_147' title='bbox 1577 1099 1610 1123; x_wconf 92' lang='lat'>2.</span> <span class='ocrx_word' id='word_1_148' title='bbox 1625 1086 1688 1124; x_wconf 71' lang='lat' dir='ltr'>Fr.</span> 
     </span>
     <span class='ocr_line' id='line_1_18' title="bbox 428 1137 1686 1229; baseline 0.003 -56"><span class='ocrx_word' id='word_1_149' title='bbox 428 1137 475 1174; x_wconf 93' lang='lat' dir='ltr'>P.</span> <span class='ocrx_word' id='word_1_150' title='bbox 496 1137 598 1229; x_wconf 57' lang='lat' dir='ltr'>qugd</span> <span class='ocrx_word' id='word_1_151' title='bbox 617 1150 684 1176; x_wconf 89' lang='lat' dir='ltr'>cur</span> <span class='ocrx_word' id='word_1_152' title='bbox 701 1138 854 1176; x_wconf 87' lang='lat' dir='ltr'>mutarit</span> <span class='ocrx_word' id='word_1_153' title='bbox 866 1138 903 1176; x_wconf 89' lang='lat' dir='ltr'>S.</span> <span class='ocrx_word' id='word_1_154' title='bbox 917 1137 974 1177; x_wconf 91' lang='lat' dir='ltr'>ed.</span> <span class='ocrx_word' id='word_1_155' title='bbox 989 1138 1197 1190; x_wconf 83' lang='lat' dir='ltr'>feceritque</span> <span class='ocrx_word' id='word_1_156' title='bbox 1211 1138 1396 1176; x_wconf 70' lang='grc' dir='ltr'><strong><em>ἁνίπτοισι</em></strong></span> <span class='ocrx_word' id='word_1_157' title='bbox 1407 1153 1452 1177; x_wconf 75' lang='grc' dir='ltr'>π.</span> <span class='ocrx_word' id='word_1_158' title='bbox 1465 1138 1566 1176; x_wconf 87' lang='lat' dir='ltr'>nulla</span> <span class='ocrx_word' id='word_1_159' title='bbox 1584 1138 1686 1178; x_wconf 86' lang='lat' dir='ltr'>ratio</span> 
     </span>
     <span class='ocr_line' id='line_1_19' title="bbox 429 1200 702 1229; baseline -0.007 0"><span class='ocrx_word' id='word_1_160' title='bbox 429 1202 522 1229; x_wconf 83' lang='lat' dir='ltr'>erat.</span> <span class='ocrx_word' id='word_1_161' title='bbox 573 1200 702 1229; x_wconf 82' lang='lat' dir='ltr'>OLAN.</span> 
     </span>
    </p>

    <p class='ocr_par' dir='ltr' id='par_1_6' title="bbox 429 1233 1687 1456">
     <span class='ocr_line' id='line_1_20' title="bbox 484 1233 1687 1297; baseline 0.002 -17"><span class='ocrx_word' id='word_1_162' title='bbox 484 1245 553 1281; x_wconf 75' lang='lat' dir='ltr'>ead.</span> <span class='ocrx_word' id='word_1_163' title='bbox 574 1245 596 1281; x_wconf 91' lang='lat' dir='ltr'>l.</span> <span class='ocrx_word' id='word_1_164' title='bbox 613 1256 670 1282; x_wconf 87' lang='lat'>10.</span> <span class='ocrx_word' id='word_1_165' title='bbox 682 1233 826 1295; x_wconf 67' lang='grc' dir='ltr'>Ἆιξεν)</span> <span class='ocrx_word' id='word_1_166' title='bbox 851 1243 912 1283; x_wconf 87' lang='lat' dir='ltr'>Sic</span> <span class='ocrx_word' id='word_1_167' title='bbox 932 1244 1095 1283; x_wconf 87' lang='lat' dir='ltr'>mutavi:</span> <span class='ocrx_word' id='word_1_168' title='bbox 1117 1244 1240 1283; x_wconf 86' lang='lat' dir='ltr'>minus</span> <span class='ocrx_word' id='word_1_169' title='bbox 1254 1243 1422 1295; x_wconf 85' lang='lat' dir='ltr'>placebat</span> <span class='ocrx_word' id='word_1_170' title='bbox 1437 1243 1558 1291; x_wconf 84' lang='lat' dir='ltr'>enim,</span> <span class='ocrx_word' id='word_1_171' title='bbox 1577 1244 1687 1297; x_wconf 89' lang='lat' dir='ltr'>quod</span> 
     </span>
     <span class='ocr_line' id='line_1_21' title="bbox 429 1293 1687 1349; baseline 0.001 -13"><span class='ocrx_word' id='word_1_172' title='bbox 429 1308 564 1336; x_wconf 86' lang='lat' dir='ltr'>omnes</span> <span class='ocrx_word' id='word_1_173' title='bbox 576 1296 658 1335; x_wconf 84' lang='lat' dir='ltr'>libri</span> <span class='ocrx_word' id='word_1_174' title='bbox 673 1296 788 1335; x_wconf 89' lang='lat' dir='ltr'>nostri</span> <span class='ocrx_word' id='word_1_175' title='bbox 805 1297 865 1336; x_wconf 88' lang='lat' dir='ltr'>hic</span> <span class='ocrx_word' id='word_1_176' title='bbox 879 1297 1097 1349; x_wconf 86' lang='lat' dir='ltr'>praeferunt</span> <span class='ocrx_word' id='word_1_177' title='bbox 1110 1293 1203 1348; x_wconf 63' lang='grc' dir='ltr'><em>ἷξεν.</em></span> <span class='ocrx_word' id='word_1_178' title='bbox 1219 1297 1306 1336; x_wconf 89' lang='lat' dir='ltr'>Vid.</span> <span class='ocrx_word' id='word_1_179' title='bbox 1323 1299 1363 1337; x_wconf 73' lang='grc' dir='ltr'>δι</span> <span class='ocrx_word' id='word_1_180' title='bbox 1376 1303 1504 1349; x_wconf 61' lang='grc' dir='ltr'><strong><em>Δρκπ.</em></strong></span> <span class='ocrx_word' id='word_1_181' title='bbox 1515 1310 1546 1337; x_wconf 93' lang='lat' dir='ltr'>c.</span> <span class='ocrx_word' id='word_1_182' title='bbox 1565 1297 1603 1345; x_wconf 87' lang='lat'>6,</span> <span class='ocrx_word' id='word_1_183' title='bbox 1617 1297 1687 1337; x_wconf 87' lang='lat' dir='ltr'>ubi</span> 
     </span>
     <span class='ocr_line' id='line_1_22' title="bbox 430 1349 1687 1403; baseline 0.002 -16"><span class='ocrx_word' id='word_1_184' title='bbox 430 1350 558 1388; x_wconf 82' lang='lat' dir='ltr'>itidem</span> <span class='ocrx_word' id='word_1_185' title='bbox 573 1350 742 1403; x_wconf 82' lang='lat' dir='ltr'>plerique</span> <span class='ocrx_word' id='word_1_186' title='bbox 757 1349 920 1402; x_wconf 86' lang='lat' dir='ltr'>imprefli</span> <span class='ocrx_word' id='word_1_187' title='bbox 932 1361 1118 1391; x_wconf 85' lang='lat' dir='ltr'>errarunt.</span> <span class='ocrx_word' id='word_1_188' title='bbox 1147 1351 1191 1390; x_wconf 85' lang='lat' dir='ltr'>Et</span> <span class='ocrx_word' id='word_1_189' title='bbox 1205 1349 1335 1390; x_wconf 87' lang='lat' dir='ltr'>confer</span> <span class='ocrx_word' id='word_1_190' title='bbox 1349 1363 1479 1390; x_wconf 87' lang='lat' dir='ltr'>notam</span> <span class='ocrx_word' id='word_1_191' title='bbox 1491 1351 1539 1391; x_wconf 87' lang='lat' dir='ltr'>T.</span> <span class='ocrx_word' id='word_1_192' title='bbox 1553 1350 1687 1397; x_wconf 85' lang='lat' dir='ltr'>Fabri,</span> 
     </span>
     <span class='ocr_line' id='line_1_23' title="bbox 431 1402 1105 1456; baseline 0.001 -15"><span class='ocrx_word' id='word_1_193' title='bbox 431 1402 474 1442; x_wconf 83' lang='lat'>&amp;</span> <span class='ocrx_word' id='word_1_194' title='bbox 486 1402 650 1441; x_wconf 83' lang='lat' dir='ltr'>nostram</span> <span class='ocrx_word' id='word_1_195' title='bbox 665 1404 710 1442; x_wconf 90' lang='lat' dir='ltr'>ad</span> <span class='ocrx_word' id='word_1_196' title='bbox 724 1407 806 1456; x_wconf 84' lang='grc' dir='ltr'><strong><em>Περ.</em></strong></span> <span class='ocrx_word' id='word_1_197' title='bbox 820 1416 852 1443; x_wconf 90' lang='lat' dir='ltr'>c.</span> <span class='ocrx_word' id='word_1_198' title='bbox 872 1417 931 1456; x_wconf 87' lang='lat'>37.</span> <span class='ocrx_word' id='word_1_199' title='bbox 950 1404 1105 1444; x_wconf 76' lang='lat' dir='ltr'>SOLAN.</span> 
     </span>
    </p>

    <p class='ocr_par' dir='ltr' id='par_1_7' title="bbox 429 1453 1688 1721">
     <span class='ocr_line' id='line_1_24' title="bbox 483 1453 1686 1510; baseline 0.002 -15"><span class='ocrx_word' id='word_1_200' title='bbox 483 1459 555 1496; x_wconf 83' lang='lat' dir='ltr'>ead.</span> <span class='ocrx_word' id='word_1_201' title='bbox 570 1457 594 1495; x_wconf 93' lang='lat' dir='ltr'>l.</span> <span class='ocrx_word' id='word_1_202' title='bbox 614 1470 670 1510; x_wconf 87' lang='lat'>13.</span> <span class='ocrx_word' id='word_1_203' title='bbox 685 1453 803 1508; x_wconf 77' lang='grc' dir='ltr'><strong><em>Ἄκρῳ</em></strong></span> <span class='ocrx_word' id='word_1_204' title='bbox 815 1456 870 1506; x_wconf 73' lang='grc' dir='ltr'>τῷ</span> <span class='ocrx_word' id='word_1_205' title='bbox 885 1457 1082 1509; x_wconf 53' lang='lat' dir='ltr'>samana»)</span> <span class='ocrx_word' id='word_1_206' title='bbox 1102 1456 1161 1497; x_wconf 86' lang='lat' dir='ltr'>Sic</span> <span class='ocrx_word' id='word_1_207' title='bbox 1176 1456 1283 1509; x_wconf 86' lang='lat' dir='ltr'>supra</span> <span class='ocrx_word' id='word_1_208' title='bbox 1299 1455 1450 1508; x_wconf 86' lang='lat' dir='ltr'>Quom.</span> <span class='ocrx_word' id='word_1_209' title='bbox 1461 1455 1557 1495; x_wconf 76' lang='lat' dir='ltr'>Hist,</span> <span class='ocrx_word' id='word_1_210' title='bbox 1572 1469 1605 1496; x_wconf 88' lang='lat' dir='ltr'>c.</span> <span class='ocrx_word' id='word_1_211' title='bbox 1619 1471 1643 1504; x_wconf 85' lang='lat'>4</span> <span class='ocrx_word' id='word_1_212' title='bbox 1657 1456 1686 1497; x_wconf 85' lang='lat' dir='ltr'>f.</span> 
     </span>
     <span class='ocr_line' id='line_1_25' title="bbox 429 1509 1687 1563; baseline 0 -13"><span class='ocrx_word' id='word_1_213' title='bbox 429 1510 523 1550; x_wconf 88' lang='lat' dir='ltr'>Hoc</span> <span class='ocrx_word' id='word_1_214' title='bbox 539 1522 634 1549; x_wconf 84' lang='lat' dir='ltr'>vero</span> <span class='ocrx_word' id='word_1_215' title='bbox 647 1511 804 1549; x_wconf 89' lang='lat' dir='ltr'>Luciani</span> <span class='ocrx_word' id='word_1_216' title='bbox 824 1511 971 1550; x_wconf 89' lang='lat' dir='ltr'>adducit</span> <span class='ocrx_word' id='word_1_217' title='bbox 986 1511 1123 1550; x_wconf 87' lang='lat' dir='ltr'>Elsner.</span> <span class='ocrx_word' id='word_1_218' title='bbox 1141 1511 1184 1550; x_wconf 89' lang='lat' dir='ltr'>ad</span> <span class='ocrx_word' id='word_1_219' title='bbox 1206 1511 1353 1563; x_wconf 84' lang='lat' dir='ltr'>Evang.</span> <span class='ocrx_word' id='word_1_220' title='bbox 1379 1510 1517 1550; x_wconf 87' lang='lat' dir='ltr'>Matth.</span> <span class='ocrx_word' id='word_1_221' title='bbox 1531 1509 1687 1558; x_wconf 88' lang='lat' dir='ltr'><strong>XXIII,</strong></span> 
     </span>
     <span class='ocr_line' id='line_1_26' title="bbox 431 1560 1686 1614; baseline 0 -12"><span class='ocrx_word' id='word_1_222' title='bbox 431 1579 480 1612; x_wconf 83' lang='grc'>4,</span> <span class='ocrx_word' id='word_1_223' title='bbox 491 1563 557 1603; x_wconf 77' lang='lat' dir='ltr'>ubi</span> <span class='ocrx_word' id='word_1_224' title='bbox 568 1593 581 1610; x_wconf 88' lang='lat'>‚</span> <span class='ocrx_word' id='word_1_225' title='bbox 602 1562 655 1611; x_wconf 76' lang='grc' dir='ltr'><em>τῷ</em></span> <span class='ocrx_word' id='word_1_226' title='bbox 666 1563 711 1603; x_wconf 54' lang='grc' dir='ltr'>δὲ</span> <span class='ocrx_word' id='word_1_227' title='bbox 724 1562 902 1614; x_wconf 60' lang='grc' dir='ltr'>Σακτύλῳ</span> <span class='ocrx_word' id='word_1_228' title='bbox 918 1560 1050 1612; x_wconf 69' lang='grc' dir='ltr'><em>αὐτῶν,</em></span> <span class='ocrx_word' id='word_1_229' title='bbox 1072 1561 1111 1604; x_wconf 80' lang='grc' dir='ltr'>οὗ</span> <span class='ocrx_word' id='word_1_230' title='bbox 1125 1566 1274 1606; x_wconf 60' lang='grc' dir='ltr'>θέλουσι</span> <span class='ocrx_word' id='word_1_231' title='bbox 1291 1561 1434 1602; x_wconf 62' lang='grc' dir='ltr'>κινῆσαι</span> <span class='ocrx_word' id='word_1_232' title='bbox 1451 1560 1566 1603; x_wconf 71' lang='grc' dir='ltr'>αὖτέι.</span> <span class='ocrx_word' id='word_1_233' title='bbox 1578 1564 1686 1604; x_wconf 88' lang='lat' dir='ltr'>Tum</span> 
     </span>
     <span class='ocr_line' id='line_1_27' title="bbox 431 1615 1688 1670; baseline -0.001 -13"><span class='ocrx_word' id='word_1_234' title='bbox 431 1618 547 1657; x_wconf 85' lang='lat' dir='ltr'>etiam</span> <span class='ocrx_word' id='word_1_235' title='bbox 564 1629 611 1656; x_wconf 88' lang='lat' dir='ltr'>ex</span> <span class='ocrx_word' id='word_1_236' title='bbox 624 1617 693 1656; x_wconf 90' lang='lat' dir='ltr'>Iul.</span> <span class='ocrx_word' id='word_1_237' title='bbox 710 1616 820 1656; x_wconf 85' lang='lat' dir='ltr'>Orat.</span> <span class='ocrx_word' id='word_1_238' title='bbox 837 1618 886 1663; x_wconf 90' lang='lat'>6,</span> <span class='ocrx_word' id='word_1_239' title='bbox 906 1631 942 1670; x_wconf 87' lang='lat' dir='ltr'>p.</span> <span class='ocrx_word' id='word_1_240' title='bbox 961 1631 1051 1665; x_wconf 88' lang='lat'>200,</span> <span class='ocrx_word' id='word_1_241' title='bbox 1069 1619 1240 1670; x_wconf 54' lang='grc' dir='ltr'>γενέσθαι</span> <span class='ocrx_word' id='word_1_242' title='bbox 1254 1616 1298 1657; x_wconf 67' lang='lat' dir='ltr'>s‘e</span> <span class='ocrx_word' id='word_1_243' title='bbox 1311 1615 1441 1670; x_wconf 64' lang='grc' dir='ltr'><strong><em>τρυφῆς</em></strong></span> <span class='ocrx_word' id='word_1_244' title='bbox 1453 1617 1552 1667; x_wconf 62' lang='grc' dir='ltr'>μηέἑ</span> <span class='ocrx_word' id='word_1_245' title='bbox 1572 1619 1688 1670; x_wconf 70' lang='grc' dir='ltr'><strong><em>ἀκρῳ,</em></strong></span> 
     </span>
     <span class='ocr_line' id='line_1_28' title="bbox 435 1669 986 1721; baseline 0.002 -13"><span class='ocrx_word' id='word_1_246' title='bbox 435 1670 617 1721; x_wconf 70' lang='grc' dir='ltr'>φασὶ,τῷ</span> <span class='ocrx_word' id='word_1_247' title='bbox 632 1669 821 1720; x_wconf 58' lang='grc' dir='ltr'>δακτύλῳ.</span> <span class='ocrx_word' id='word_1_248' title='bbox 840 1671 986 1710; x_wconf 75' lang='grc' dir='ltr'><strong>ΒΕΙΤΖ.</strong></span> 
     </span>
    </p>

    <p class='ocr_par' dir='ltr' id='par_1_8' title="bbox 430 1722 1690 2138">
     <span class='ocr_line' id='line_1_29' title="bbox 485 1722 1688 1777; baseline 0.001 -15"><span class='ocrx_word' id='word_1_249' title='bbox 485 1726 557 1762; x_wconf 73' lang='lat' dir='ltr'>ead.</span> <span class='ocrx_word' id='word_1_250' title='bbox 571 1724 592 1763; x_wconf 89' lang='lat' dir='ltr'>l.</span> <span class='ocrx_word' id='word_1_251' title='bbox 617 1737 674 1770; x_wconf 84' lang='lat'>14.</span> <span class='ocrx_word' id='word_1_252' title='bbox 700 1724 823 1763; x_wconf 65' lang='grc' dir='ltr'><strong>Καὶτὶ</strong></span> <span class='ocrx_word' id='word_1_253' title='bbox 835 1723 944 1773; x_wconf 59' lang='grc' dir='ltr'>σῶμα</span> <span class='ocrx_word' id='word_1_254' title='bbox 960 1724 1024 1777; x_wconf 61' lang='grc' dir='ltr'>ἒὲ)</span> <span class='ocrx_word' id='word_1_255' title='bbox 1047 1724 1138 1763; x_wconf 82' lang='lat' dir='ltr'>Illud</span> <span class='ocrx_word' id='word_1_256' title='bbox 1154 1724 1216 1762; x_wconf 61' lang='grc' dir='ltr'>καὶ</span> <span class='ocrx_word' id='word_1_257' title='bbox 1234 1723 1294 1770; x_wconf 54' lang='grc' dir='ltr'>ἑὲ,</span> <span class='ocrx_word' id='word_1_258' title='bbox 1316 1723 1423 1776; x_wconf 88' lang='lat' dir='ltr'>quod</span> <span class='ocrx_word' id='word_1_259' title='bbox 1445 1722 1580 1762; x_wconf 79' lang='lat' dir='ltr'>frustra</span> <span class='ocrx_word' id='word_1_260' title='bbox 1600 1723 1688 1763; x_wconf 86' lang='lat' dir='ltr'>alibi</span> 
     </span>
     <span class='ocr_line' id='line_1_30' title="bbox 430 1775 1684 1829; baseline -0.001 -13"><span class='ocrx_word' id='word_1_261' title='bbox 430 1775 643 1829; x_wconf 65' lang='lat' dir='ltr'>suspectum</span> <span class='ocrx_word' id='word_1_262' title='bbox 658 1775 726 1816; x_wconf 89' lang='lat' dir='ltr'>fuit</span> <span class='ocrx_word' id='word_1_263' title='bbox 739 1777 1120 1824; x_wconf 84' lang='lat' dir='ltr'>commentatoribus,</span> <span class='ocrx_word' id='word_1_264' title='bbox 1133 1778 1294 1816; x_wconf 87' lang='lat' dir='ltr'>vidimus</span> <span class='ocrx_word' id='word_1_265' title='bbox 1306 1776 1326 1815; x_wconf 93' lang='lat' dir='ltr'>s</span> <span class='ocrx_word' id='word_1_266' title='bbox 1323 1791 1344 1816; x_wconf 90' lang='lat' dir='ltr'>u</span> <span class='ocrx_word' id='word_1_267' title='bbox 1351 1790 1416 1829; x_wconf 86' lang='lat' dir='ltr'>pra</span> <span class='ocrx_word' id='word_1_268' title='bbox 1426 1777 1473 1815; x_wconf 92' lang='lat' dir='ltr'>de</span> <span class='ocrx_word' id='word_1_269' title='bbox 1484 1776 1572 1816; x_wconf 87' lang='lat' dir='ltr'>Salt.</span> <span class='ocrx_word' id='word_1_270' title='bbox 1589 1777 1604 1826; x_wconf 88' lang='lat'>§</span> <span class='ocrx_word' id='word_1_271' title='bbox 1621 1791 1684 1823; x_wconf 77' lang='grc' dir='ltr'>ιο,</span> 
     </span>
     <span class='ocr_line' id='line_1_31' title="bbox 435 1830 1688 1883; baseline 0.002 -14"><span class='ocrx_word' id='word_1_272' title='bbox 435 1830 512 1880; x_wconf 79' lang='lat'>§12</span> <span class='ocrx_word' id='word_1_273' title='bbox 529 1832 569 1871; x_wconf 86' lang='lat'>&amp;</span> <span class='ocrx_word' id='word_1_274' title='bbox 587 1831 750 1883; x_wconf 85' lang='lat' dir='ltr'>13.Ite1n</span> <span class='ocrx_word' id='word_1_275' title='bbox 776 1844 789 1868; x_wconf 89' lang='lat'>1</span> <span class='ocrx_word' id='word_1_276' title='bbox 807 1831 898 1870; x_wconf 89' lang='lat' dir='ltr'>Ver.</span> <span class='ocrx_word' id='word_1_277' title='bbox 909 1831 1049 1870; x_wconf 81' lang='lat' dir='ltr'>Histor.</span> <span class='ocrx_word' id='word_1_278' title='bbox 1065 1843 1147 1883; x_wconf 90' lang='lat' dir='ltr'>cap.</span> <span class='ocrx_word' id='word_1_279' title='bbox 1170 1843 1229 1881; x_wconf 81' lang='grc' dir='ltr'>ις,</span> <span class='ocrx_word' id='word_1_280' title='bbox 1250 1831 1434 1869; x_wconf 83' lang='lat' dir='ltr'>Alexand.</span> <span class='ocrx_word' id='word_1_281' title='bbox 1448 1842 1531 1880; x_wconf 82' lang='lat' dir='ltr'>cap.</span> <span class='ocrx_word' id='word_1_282' title='bbox 1545 1843 1591 1879; x_wconf 83' lang='lat'>41</span> <span class='ocrx_word' id='word_1_283' title='bbox 1609 1830 1688 1871; x_wconf 86' lang='lat' dir='ltr'>&amp;c.</span> 
     </span>
     <span class='ocr_line' id='line_1_32' title="bbox 435 1883 1689 1935; baseline 0 -12"><span class='ocrx_word' id='word_1_284' title='bbox 435 1885 544 1924; x_wconf 89' lang='lat' dir='ltr'>Adde</span> <span class='ocrx_word' id='word_1_285' title='bbox 559 1885 676 1923; x_wconf 88' lang='lat' dir='ltr'>modo</span> <span class='ocrx_word' id='word_1_286' title='bbox 691 1885 884 1923; x_wconf 86' lang='lat' dir='ltr'>laudatum</span> <span class='ocrx_word' id='word_1_287' title='bbox 907 1884 937 1924; x_wconf 93' lang='lat' dir='ltr'>I.</span> <span class='ocrx_word' id='word_1_288' title='bbox 957 1883 1097 1923; x_wconf 87' lang='lat' dir='ltr'>Elsner.</span> <span class='ocrx_word' id='word_1_289' title='bbox 1117 1884 1162 1922; x_wconf 92' lang='lat' dir='ltr'>ad</span> <span class='ocrx_word' id='word_1_290' title='bbox 1180 1884 1323 1935; x_wconf 86' lang='lat' dir='ltr'>Evang.</span> <span class='ocrx_word' id='word_1_291' title='bbox 1339 1883 1552 1931; x_wconf 86' lang='lat' dir='ltr'>Ioan.XV‚</span> <span class='ocrx_word' id='word_1_292' title='bbox 1568 1897 1633 1932; x_wconf 88' lang='lat'>27,</span> <span class='ocrx_word' id='word_1_293' title='bbox 1650 1885 1689 1923; x_wconf 86' lang='lat' dir='ltr'>in</span> 
     </span>
     <span class='ocr_line' id='line_1_33' title="bbox 433 1936 1686 1990; baseline -0.002 -13"><span class='ocrx_word' id='word_1_294' title='bbox 433 1951 517 1990; x_wconf 87' lang='lat' dir='ltr'>quo</span> <span class='ocrx_word' id='word_1_295' title='bbox 538 1937 720 1977; x_wconf 88' lang='lat' dir='ltr'>habemus</span> <span class='ocrx_word' id='word_1_296' title='bbox 736 1967 746 1982; x_wconf 76' lang='lat'>,</span> <span class='ocrx_word' id='word_1_297' title='bbox 769 1939 832 1977; x_wconf 67' lang='grc' dir='ltr'>καὶ</span> <span class='ocrx_word' id='word_1_298' title='bbox 845 1936 948 1987; x_wconf 74' lang='grc' dir='ltr'><em>ὑμεῖς</em></span> <span class='ocrx_word' id='word_1_299' title='bbox 967 1937 1010 1977; x_wconf 67' lang='grc' dir='ltr'>ὃὲ</span> <span class='ocrx_word' id='word_1_300' title='bbox 1025 1938 1255 1988; x_wconf 64' lang='grc' dir='ltr'><strong><em>μαρτυρεῖτε.</em></strong></span> <span class='ocrx_word' id='word_1_301' title='bbox 1283 1937 1405 1989; x_wconf 86' lang='lat' dir='ltr'>Quod</span> <span class='ocrx_word' id='word_1_302' title='bbox 1430 1937 1460 1975; x_wconf 91' lang='lat' dir='ltr'>is</span> <span class='ocrx_word' id='word_1_303' title='bbox 1476 1938 1686 1983; x_wconf 82' lang='lat' dir='ltr'>convertit,</span> 
     </span>
     <span class='ocr_line' id='line_1_34' title="bbox 435 1990 1682 2044; baseline -0.001 -14"><span class='ocrx_word' id='word_1_304' title='bbox 435 1993 544 2031; x_wconf 70' lang='lat' dir='ltr'>&amp;vos</span> <span class='ocrx_word' id='word_1_305' title='bbox 557 1992 690 2036; x_wconf 80' lang='lat' dir='ltr'>itidem,</span> <span class='ocrx_word' id='word_1_306' title='bbox 710 2002 797 2038; x_wconf 87' lang='lat' dir='ltr'>aut,</span> <span class='ocrx_word' id='word_1_307' title='bbox 818 1992 897 2044; x_wconf 83' lang='lat' dir='ltr'>quin</span> <span class='ocrx_word' id='word_1_308' title='bbox 911 1991 946 2029; x_wconf 63' lang='grc' dir='ltr'>δ’</span> <span class='ocrx_word' id='word_1_309' title='bbox 965 2007 1028 2030; x_wconf 85' lang='lat' dir='ltr'>vos</span> <span class='ocrx_word' id='word_1_310' title='bbox 1041 1991 1253 2043; x_wconf 79' lang='lat' dir='ltr'>testabimini,</span> <span class='ocrx_word' id='word_1_311' title='bbox 1273 1991 1420 2044; x_wconf 88' lang='lat' dir='ltr'>aliaque</span> <span class='ocrx_word' id='word_1_312' title='bbox 1434 2003 1482 2029; x_wconf 87' lang='lat' dir='ltr'>ex</span> <span class='ocrx_word' id='word_1_313' title='bbox 1501 1990 1682 2043; x_wconf 87' lang='lat' dir='ltr'>Xenoph.</span> 
     </span>
     <span class='ocr_line' id='line_1_35' title="bbox 435 2043 1690 2097; baseline -0.002 -12"><span class='ocrx_word' id='word_1_314' title='bbox 435 2045 652 2097; x_wconf 89' lang='lat' dir='ltr'>Thucydid.</span> <span class='ocrx_word' id='word_1_315' title='bbox 666 2044 815 2084; x_wconf 85' lang='lat' dir='ltr'>Arrian.</span> <span class='ocrx_word' id='word_1_316' title='bbox 838 2045 912 2085; x_wconf 89' lang='lat' dir='ltr'>hoc</span> <span class='ocrx_word' id='word_1_317' title='bbox 929 2045 1083 2085; x_wconf 85' lang='lat' dir='ltr'>Luciani</span> <span class='ocrx_word' id='word_1_318' title='bbox 1106 2044 1325 2083; x_wconf 87' lang='lat' dir='ltr'>testimonio</span> <span class='ocrx_word' id='word_1_319' title='bbox 1343 2057 1420 2084; x_wconf 89' lang='lat' dir='ltr'>non</span> <span class='ocrx_word' id='word_1_320' title='bbox 1442 2043 1599 2093; x_wconf 81' lang='lat' dir='ltr'>omiffo,</span> <span class='ocrx_word' id='word_1_321' title='bbox 1621 2044 1690 2083; x_wconf 88' lang='lat' dir='ltr'>ad-</span> 
     </span>
     <span class='ocr_line' id='line_1_36' title="bbox 435 2098 730 2138; baseline -0.007 0"><span class='ocrx_word' id='word_1_322' title='bbox 435 2099 552 2138; x_wconf 88' lang='lat' dir='ltr'>ducit.</span> <span class='ocrx_word' id='word_1_323' title='bbox 585 2098 730 2137; x_wconf 69' lang='lat' dir='ltr'>RtiTz.</span> 
     </span>
    </p>

    <p class='ocr_par' dir='ltr' id='par_1_9' title="bbox 436 2147 1682 2260">
     <span class='ocr_line' id='line_1_37' title="bbox 489 2147 1682 2205; baseline 0 -15"><span class='ocrx_word' id='word_1_324' title='bbox 489 2153 526 2191; x_wconf 84' lang='lat' dir='ltr'>in</span> <span class='ocrx_word' id='word_1_325' title='bbox 536 2153 649 2191; x_wconf 85' lang='lat' dir='ltr'>Schol.</span> <span class='ocrx_word' id='word_1_326' title='bbox 666 2147 1006 2205; x_wconf 57' lang='grc' dir='ltr'>Αὗτοσχεὲιέισοις)</span> <span class='ocrx_word' id='word_1_327' title='bbox 1020 2151 1078 2190; x_wconf 85' lang='lat' dir='ltr'>Ita</span> <span class='ocrx_word' id='word_1_328' title='bbox 1090 2150 1321 2191; x_wconf 84' lang='lat' dir='ltr'>restituimus</span> <span class='ocrx_word' id='word_1_329' title='bbox 1331 2164 1379 2191; x_wconf 82' lang='lat' dir='ltr'>ex</span> <span class='ocrx_word' id='word_1_330' title='bbox 1394 2149 1463 2190; x_wconf 80' lang='lat' dir='ltr'>Ms.</span> <span class='ocrx_word' id='word_1_331' title='bbox 1473 2150 1568 2203; x_wconf 82' lang='lat' dir='ltr'>Reg.</span> <span class='ocrx_word' id='word_1_332' title='bbox 1584 2164 1653 2204; x_wconf 82' lang='lat'>301</span> <span class='ocrx_word' id='word_1_333' title='bbox 1667 2163 1682 2190; x_wconf 85' lang='lat'><em>1</em></span> 
     </span>
     <span class='ocr_line' id='line_1_38' title="bbox 436 2204 960 2260; baseline 0.002 -16"><span class='ocrx_word' id='word_1_334' title='bbox 436 2217 512 2260; x_wconf 86' lang='lat' dir='ltr'>pro</span> <span class='ocrx_word' id='word_1_335' title='bbox 526 2205 631 2257; x_wconf 86' lang='lat' dir='ltr'>vulg.</span> <span class='ocrx_word' id='word_1_336' title='bbox 643 2204 960 2257; x_wconf 60' lang='grc' dir='ltr'>ἁποσχεέιᾰισας.</span> 
     </span>
    </p>

    <p class='ocr_par' dir='ltr' id='par_1_10' title="bbox 438 2256 1690 2465">
     <span class='ocr_line' id='line_1_39' title="bbox 491 2256 1689 2312; baseline -0.001 -15"><span class='ocrx_word' id='word_1_337' title='bbox 491 2259 584 2311; x_wconf 82' lang='lat' dir='ltr'>Pag.</span> <span class='ocrx_word' id='word_1_338' title='bbox 598 2273 685 2311; x_wconf 86' lang='lat'>234.</span> <span class='ocrx_word' id='word_1_339' title='bbox 700 2260 722 2298; x_wconf 92' lang='lat' dir='ltr'>l.</span> <span class='ocrx_word' id='word_1_340' title='bbox 735 2274 766 2312; x_wconf 86' lang='lat'>3.</span> <span class='ocrx_word' id='word_1_341' title='bbox 778 2259 835 2299; x_wconf 81' lang='grc' dir='ltr'>Ἐς</span> <span class='ocrx_word' id='word_1_342' title='bbox 848 2258 980 2312; x_wconf 70' lang='grc' dir='ltr'><strong>τοῦτο)</strong></span> <span class='ocrx_word' id='word_1_343' title='bbox 995 2259 1085 2298; x_wconf 89' lang='lat' dir='ltr'>Non</span> <span class='ocrx_word' id='word_1_344' title='bbox 1100 2259 1248 2304; x_wconf 83' lang='lat' dir='ltr'>dubito,</span> <span class='ocrx_word' id='word_1_345' title='bbox 1266 2258 1361 2310; x_wconf 88' lang='lat' dir='ltr'>quin</span> <span class='ocrx_word' id='word_1_346' title='bbox 1377 2257 1574 2310; x_wconf 87' lang='lat' dir='ltr'>legendum</span> <span class='ocrx_word' id='word_1_347' title='bbox 1594 2256 1639 2297; x_wconf 86' lang='lat' dir='ltr'>fit</span> <span class='ocrx_word' id='word_1_348' title='bbox 1651 2257 1689 2297; x_wconf 78' lang='grc' dir='ltr'>ἐς</span> 
     </span>
     <span class='ocr_line' id='line_1_40' title="bbox 440 2308 1690 2366; baseline -0.002 -14"><span class='ocrx_word' id='word_1_349' title='bbox 440 2308 575 2359; x_wconf 66' lang='grc' dir='ltr'>ταῦτὸ,</span> <span class='ocrx_word' id='word_1_350' title='bbox 585 2311 635 2351; x_wconf 88' lang='lat' dir='ltr'>fic</span> <span class='ocrx_word' id='word_1_351' title='bbox 647 2324 752 2352; x_wconf 83' lang='lat' dir='ltr'>certe</span> <span class='ocrx_word' id='word_1_352' title='bbox 764 2312 1034 2366; x_wconf 87' lang='lat' dir='ltr'>interpretatus</span> <span class='ocrx_word' id='word_1_353' title='bbox 1052 2312 1144 2352; x_wconf 87' lang='lat' dir='ltr'>sum.</span> <span class='ocrx_word' id='word_1_354' title='bbox 1155 2313 1280 2353; x_wconf 76' lang='lat' dir='ltr'>GESN.</span> <span class='ocrx_word' id='word_1_355' title='bbox 1296 2312 1421 2364; x_wconf 85' lang='lat' dir='ltr'>Quod</span> <span class='ocrx_word' id='word_1_356' title='bbox 1432 2310 1545 2351; x_wconf 83' lang='lat' dir='ltr'>Gesn.</span> <span class='ocrx_word' id='word_1_357' title='bbox 1559 2312 1690 2350; x_wconf 80' lang='lat' dir='ltr'>conie·</span> 
     </span>
     <span class='ocr_line' id='line_1_41' title="bbox 438 2364 1690 2420; baseline -0.002 -14"><span class='ocrx_word' id='word_1_358' title='bbox 438 2368 515 2412; x_wconf 82' lang='lat' dir='ltr'>cit,</span> <span class='ocrx_word' id='word_1_359' title='bbox 535 2366 570 2404; x_wconf 86' lang='lat' dir='ltr'>id</span> <span class='ocrx_word' id='word_1_360' title='bbox 589 2364 750 2406; x_wconf 87' lang='lat' dir='ltr'>Solanus</span> <span class='ocrx_word' id='word_1_361' title='bbox 771 2379 931 2420; x_wconf 89' lang='lat' dir='ltr'>quoque</span> <span class='ocrx_word' id='word_1_362' title='bbox 949 2365 999 2405; x_wconf 85' lang='lat' dir='ltr'>fic</span> <span class='ocrx_word' id='word_1_363' title='bbox 1014 2367 1301 2406; x_wconf 86' lang='lat' dir='ltr'>emendaverat:</span> <span class='ocrx_word' id='word_1_364' title='bbox 1325 2367 1365 2405; x_wconf 72' lang='grc' dir='ltr'>δε</span> <span class='ocrx_word' id='word_1_365' title='bbox 1386 2365 1476 2418; x_wconf 88' lang='lat' dir='ltr'>quia</span> <span class='ocrx_word' id='word_1_366' title='bbox 1489 2364 1690 2404; x_wconf 74' lang='lat' dir='ltr'>necessaria</span> 
     </span>
     <span class='ocr_line' id='line_1_42' title="bbox 439 2418 1635 2465; baseline -0.003 -5"><span class='ocrx_word' id='word_1_367' title='bbox 439 2419 492 2460; x_wconf 87' lang='lat' dir='ltr'>est</span> <span class='ocrx_word' id='word_1_368' title='bbox 507 2420 744 2465; x_wconf 88' lang='lat' dir='ltr'>emendatio,</span> <span class='ocrx_word' id='word_1_369' title='bbox 757 2420 820 2458; x_wconf 88' lang='lat' dir='ltr'>vel</span> <span class='ocrx_word' id='word_1_370' title='bbox 834 2419 911 2459; x_wconf 82' lang='lat' dir='ltr'>fine</span> <span class='ocrx_word' id='word_1_371' title='bbox 924 2420 1044 2460; x_wconf 85' lang='lat' dir='ltr'>Codd.</span> <span class='ocrx_word' id='word_1_372' title='bbox 1059 2420 1350 2460; x_wconf 59' lang='lat' dir='ltr'>auctoritatem</span> <span class='ocrx_word' id='word_1_373' title='bbox 1363 2419 1472 2458; x_wconf 89' lang='lat' dir='ltr'>edidi.</span> <span class='ocrx_word' id='word_1_374' title='bbox 1490 2418 1635 2457; x_wconf 74' lang='lat' dir='ltr'>Rtirz.</span> 
     </span>
    </p>

    <p class='ocr_par' dir='ltr' id='par_1_11' title="bbox 496 2469 1699 2528">
     <span class='ocr_line' id='line_1_43' title="bbox 496 2469 1699 2528; baseline -0.002 -14"><span class='ocrx_word' id='word_1_375' title='bbox 496 2474 597 2514; x_wconf 77' lang='lat' dir='ltr'>ead.l.</span> <span class='ocrx_word' id='word_1_376' title='bbox 609 2487 648 2527; x_wconf 86' lang='lat'>7.</span> <span class='ocrx_word' id='word_1_377' title='bbox 662 2469 714 2514; x_wconf 82' lang='grc' dir='ltr'>Οὖ</span> <span class='ocrx_word' id='word_1_378' title='bbox 727 2473 1049 2528; x_wconf 66' lang='grc' dir='ltr'>παραχαράττων</span> <span class='ocrx_word' id='word_1_379' title='bbox 1060 2473 1132 2527; x_wconf 72' lang='grc' dir='ltr'>τὰ)</span> <span class='ocrx_word' id='word_1_380' title='bbox 1148 2473 1268 2521; x_wconf 89' lang='lat' dir='ltr'>Dicit,</span> <span class='ocrx_word' id='word_1_381' title='bbox 1279 2471 1558 2514; x_wconf 68' lang='lat' dir='ltr'>Demonastem</span> <span class='ocrx_word' id='word_1_382' title='bbox 1571 2473 1699 2517; x_wconf 52' lang='lat' dir='ltr'>imita-2</span> 
     </span>
    </p>
   </div>
  </div>
 </body>
</html>
