1730 3326
394 202 485 268 518
591 176 1463 253 ANNoTATIONES

391 292 468 339 lv,
485 306 500 332 1
511 307 531 332 2
543 322 555 338 ,
579 293 626 332 de
648 291 761 331 rebus
775 290 939 331 Creticis
952 292 1136 342 Dosiadem
1150 293 1334 332 nominat.
1361 293 1519 333 SoLAN.
1548 293 1657 347 (Ara

392 359 493 398 quae
505 346 718 385 Theocrito
732 343 826 384 solet
845 343 1021 397 subiungi
1033 374 1047 392 ‚
1071 357 1142 384 nec
1155 346 1356 386 Theocriti
1377 359 1446 386 nec
1464 347 1655 386 Dofiadae

393 399 449 438 est
462 429 474 446 ‚
496 410 538 438 ut
557 397 738 439 Salmafio
758 397 960 438 ostensum.
982 398 1124 451 Lom.)
1148 397 1282 439 Suidae
1302 400 1507 440 Δωσιὰἒης
1520 402 1560 441 &
1576 408 1657 439 Δω-

393 453 493 492 σίοις.
518 452 698 492 Δωσίὸας
717 450 890 490 scribitur
907 452 1009 504 apud
1030 451 1275 492 Clem.Alex.
1291 454 1330 492 in
1347 457 1472 504 Προτρ.
1497 452 1654 493 Sorax.

394 505 565 558 Cognati
581 517 714 544 notam
727 505 772 544 ad
784 505 860 544 hoc
874 505 984 544 verb.
998 505 1038 544 in
1048 506 1256 559 exemplari
1270 505 1339 546 suo
1355 507 1492 547 merito
1503 507 1657 547 deleve-

394 570 451 600 rat
467 561 501 598 la
513 559 651 599 Croze.
677 559 821 598 Rtlrz.

449 613 527 652 ibid.
539 611 753 663 Λυκόφρονος
772 610 914 663 Ἀλεξ.)
936 611 1054 664 Quae
1072 612 1265 665 hodieque
1280 611 1465 664 superest,
1479 626 1559 653 non
1577 613 1656 654 fine

395 667 586 706 maiorum
599 665 818 705 nostrorum
834 666 1041 717 ignominia
1052 695 1063 713 ,
1078 666 1217 718 quitor
1231 666 1565 720 praestantioribus
1585 680 1658 707 ne-

395 719 527 772 gleffis
538 749 550 768 ‚
565 721 652 759 talia
665 720 776 758 nobis
788 717 954 758 monstra
968 717 1219 759 asservatum.
1243 720 1402 760 SOLAN.

615 808 1655 820 ————————*

643 855 742 900 IN
810 852 1409 899 EU-NUCHUM.

449 932 541 985 Pag.
556 944 641 985 205.
656 933 679 970 I.
695 946 709 971 1
718 925 850 971 ,Ὄλιις
862 930 1022 983 ἀμάξας
1034 931 1296 983 βλασφημιῶν)
1307 932 1495 982 Παροιμίαι
1507 933 1571 974 ἐπὶ
1583 933 1657 975 τῶν

396 986 502 1040 ἄγαν
515 985 728 1038 impio-‘rufis
741 983 914 1026 ἀλλήλοις
929 986 1140 1037 χρωμένων.
1155 986 1215 1025 Sic
1228 987 1327 1037 apud
1338 985 1474 1026 Gallos
1485 1002 1547 1026 une
1556 988 1659 1028 char-

398 1043 479 1080 rete'e
497 1042 536 1078 de
551 1040 695 1093 paroles.
719 1039 891 1079 Bourtn.
915 1039 1087 1090 Lycinus
1103 1040 1230 1080 amico
1246 1039 1447 1092 Pamphilo
1467 1040 1656 1090 referens,

394 1094 717 1147 quemadmodum
731 1093 973 1132 contentioni
987 1093 1152 1133 duorum
1163 1093 1262 1132 inter
1275 1092 1311 1132 se
1319 1093 1656 1144 Peripateticorum
1686 1128 1690 1132 .

395 1147 638 1193 interfuisset,
653 1160 739 1187 cum
755 1147 969 1199 Pamphilus
983 1146 1018 1185 id
1033 1159 1126 1186 vere
1140 1146 1340 1187 ridiculum
1358 1146 1432 1187 effe
1447 1147 1658 1200 respondis-

395 1200 473 1249 set,
491 1214 536 1240 ac
557 1199 772 1254 oportuiffe
794 1200 948 1252 potius,
965 1213 1006 1240 ut
1028 1213 1106 1240 rem
1122 1201 1264 1253 placide
1280 1201 1379 1241 inter
1400 1200 1434 1240 se
1449 1215 1660 1255 compone·

394 1266 480 1293 rent
492 1270 503 1302 3
529 1255 645 1300 adeo,
662 1255 701 1292 in
732 1254 787 1292 uit
801 1253 864 1292 ille
877 1283 888 1300 ‚
903 1266 983 1292 non
1002 1255 1145 1307 placide
1159 1267 1238 1294 rem
1251 1255 1347 1294 inter
1370 1254 1408 1294 se
1424 1255 1658 1309 composue-

393 1319 500 1356 runt,
512 1318 556 1347 ut
567 1319 709 1360 congre
740 1308 912 1360 :integra
927 1309 1191 1348 convitiorum
1211 1308 1373 1361 plaustra
1387 1308 1554 1349 invicem
1567 1311 1603 1349 in
1617 1309 1655 1350 se

395 1360 613 1408 effuderint,
623 1360 771 1400 summo
782 1374 868 1401 cum
881 1361 1097 1401 clamore&
1109 1361 1308 1402 Stentorea
1321 1376 1430 1403 voce.
1442 1363 1513 1403 Sed
1526 1365 1656 1417 potius

394 1414 548 1456 Graeca
570 1417 652 1454 eius
669 1427 877 1467 ponamus:
895 1412 977 1468 οἵγε
992 1414 1264 1466 ξυμπεσόντες,
1280 1417 1418 1470 inquit,
1439 1416 1531 1456 ὕλας
1552 1417 1657 1467 ἁμά-

395 1467 470 1518 ξας
481 1468 724 1519 βλασφημιῶν
736 1467 1026 1508 κατεσκέὸασοιν
1037 1468 1467 1524 ἁλλῆλων,κεκραγότες,
1477 1472 1541 1510 καὶ
1554 1467 1660 1523 ὑπερ-

395 1520 677 1571 Σιατεινόμενοι.
699 1521 891 1562 Οὶέὶίοηίε
915 1523 1027 1562 huius
1046 1524 1159 1576 origo
1185 1521 1368 1576 (ἄμαξαι
1394 1524 1657 1580 βλασφημιῶν)

396 1575 499 1615 haud
514 1577 626 1615 dubie
647 1577 695 1616 ab
717 1576 785 1616 illo
805 1576 1063 1629 antiquissimo
1083 1577 1185 1630 apud
1200 1577 1449 1618 Athenienses
1471 1591 1578 1618 more
1595 1592 1660 1632 pe·

395 1631 510 1669 tenda
526 1629 602 1677 est,
622 1643 702 1682 quo
718 1642 783 1680 per
798 1643 920 1682 pagos
933 1631 973 1670 δε
986 1631 1092 1670 vicos
1105 1631 1282 1671 curribus
1295 1630 1517 1678 insidentes,
1541 1633 1657 1686 genio

393 1683 612 1736 indulgendi
635 1683 769 1732 causa,
793 1683 1000 1723 scommata
1015 1685 1055 1725 δι
1074 1684 1243 1724 convitia
1261 1685 1298 1724 in
1320 1685 1526 1738 quemlihet
1546 1688 1657 1727 iacie-

394 1736 486 1776 bant
500 1749 509 1776 :
527 1737 848 1790 quemadmodum
865 1738 976 1777 docet
991 1737 1188 1790 Gyraldus
1200 1738 1371 1792 Dialogo
1380 1740 1423 1779 de
1436 1739 1561 1780 Po'e'tis
1576 1741 1633 1780 VI
1643 1770 1658 1788 ,

395 1805 432 1844 p.
450 1805 525 1844 324
537 1791 594 1830 ed.
606 1791 770 1831 nostrae.
789 1791 1101 1844 Antiquiffimum
1115 1793 1215 1833 hunc
1231 1806 1379 1832 morem
1393 1793 1456 1833 sua
1478 1794 1515 1832 in
1529 1794 1656 1847 lingua

393 1843 660 1896 expresserunt
671 1857 830 1898 quoque
842 1845 977 1894 Latini,
990 1847 1090 1897 apud
1108 1858 1208 1898 quos
1221 1848 1260 1887 &
1272 1848 1423 1902 plaustra
1437 1849 1655 1888 convitiorum

395 1898 494 1939 dieta
506 1899 681 1948 reperias.
698 1899 790 1938 Non
808 1912 896 1938 raro
912 1899 947 1937 in
962 1900 1041 1938 aliis
1060 1900 1244 1953 loquendi
1255 1900 1433 1941 formulis
1445 1904 1656 1942 convenire

394 1952 524 1992 videas
544 1952 719 1993 Graecos
739 1953 836 1992 inter
849 1953 889 1992 &
905 1953 1061 1993 Latinos
1081 1953 1156 1994 &e
1178 1953 1283 1994 Itius.
1308 1954 1575 2008 Sequebantur
1597 1956 1656 1997 hic

393 2005 431 2045 in
446 2005 555 2046 Ienfii
568 2005 684 2046 Leftt.
697 2007 848 2047 Lucian.
863 2007 1052 2058 permulta
1061 2008 1251 2048 variarum
1265 2009 1507 2050 locutionum
1526 2022 1657 2050 exem-

394 2060 456 2112 pla
466 2089 478 2108 ,
492 2073 590 2113 quas
605 2060 745 2100 Graeci
759 2073 848 2100 cum
863 2061 1011 2100 Latinis
1023 2061 1161 2101 habent
1173 2075 1398 2103 communes
1409 2093 1420 2111 ‚
1437 2077 1451 2102 1
1461 2062 1483 2101 8
1500 2064 1655 2117 paginas

392 2114 607 2167 implentia,
628 2127 651 2153 a
664 2129 698 2166 p.
715 2129 787 2163 272
802 2116 847 2154 ad
863 2114 961 2166 289;
981 2128 1078 2168 quae
1099 2116 1188 2168 quia
1212 2117 1475 2156 commentarii
1495 2119 1651 2158 modum

389 2169 634 2214 excederent,
645 2169 876 2215 omittimus,
887 2168 1077 2210 curiosum
1092 2168 1274 2210 lectorem
1288 2171 1334 2210 ad
1346 2171 1514 2211 libellum
1530 2171 1654 2226 ipsum

391 2222 640 2262 remittentes.
660 2222 803 2261 Rtnz.

447 2278 519 2314 ead.
528 2277 550 2314 l.
560 2290 596 2318 7.
608 2274 898 2327 Ψυφοωοροῦντες
912 2269 1023 2330 ἦσαν)
1035 2277 1093 2317 Ita
1105 2277 1259 2317 videtur
1271 2278 1481 2332 concepiffe
1493 2278 1654 2321 struun-

393 2342 474 2370 ram
489 2329 692 2375 Gesnems,
709 2341 751 2369 ut
768 2330 992 2383 periphrasis
1003 2330 1068 2379 fit,
1084 2331 1209 2384 qualis
1224 2333 1322 2385 apud
1335 2333 1544 2372 Herodian.
1559 2333 1593 2378 1,
1615 2348 1651 2386 3,

395 2395 466 2430 12,
483 2382 683 2433 Κρατήσας
698 2379 735 2424 ῗῖν
753 2383 827 2422 τοῖς
841 2383 986 2432 ὅπλοις,
1003 2397 1074 2437 pro
1090 2385 1280 2436 ἐκράτησε.
1294 2386 1370 2425 Vel
1391 2399 1452 2439 ap.
1466 2386 1650 2426 Nostrum

391 2436 432 2476 in
454 2436 556 2477 Asm.
569 2450 655 2491 cap.
671 2451 720 2490 30
732 2467 742 2484 ‚
760 2433 811 2476 Οὗ
825 2440 904 2490 γᾶς
920 2431 955 2478 ’ἦν
969 2439 1160 2487 καταβὶες,
1174 2439 1214 2479 δι
1227 2439 1312 2478 alibi
1327 2453 1404 2480 non
1423 2439 1545 2481 semel.
1564 2440 1651 2493 Qui

391 2491 504 2544 plura
517 2492 636 2546 cupit,
655 2492 765 2534 adeat
778 2490 901 2533 fratris
915 2493 989 2533 mei
1005 2493 1162 2548 Belgam
1177 2493 1315 2537 Graec.
1332 2508 1366 2548 p.
1381 2508 1458 2543 402
1473 2517 1517 2526 -
1532 2509 1566 2549 3.
1578 2495 1608 2534 F
1610 2508 1651 2535 a·
