<?xml version="1.0" encoding="UTF-8"?>
<!DOCTYPE html PUBLIC "-//W3C//DTD XHTML 1.0 Transitional//EN"
    "http://www.w3.org/TR/xhtml1/DTD/xhtml1-transitional.dtd">
<html xmlns="http://www.w3.org/1999/xhtml" xml:lang="en" lang="en">
 <head>
  <title>
</title>
<meta http-equiv="Content-Type" content="text/html;charset=utf-8" />
  <meta name='ocr-system' content='tesseract 3.04.00' />
  <meta name='ocr-capabilities' content='ocr_page ocr_carea ocr_par ocr_line ocrx_word'/>
</head>
<body>
  <div class='ocr_page' id='page_1' title='image "./operagraeceetlat05luciuoft/operagraeceetlat05luciuoft_0578.png"; bbox 0 0 1730 3326; ppageno 0'>
   <div class='ocr_carea' id='block_1_1' title="bbox 365 205 1437 275">
    <p class='ocr_par' dir='ltr' id='par_1_1' title="bbox 365 205 1437 275">
     <span class='ocr_line' id='line_1_1' title="bbox 365 205 1437 275; baseline -0.003 -16"><span class='ocrx_word' id='word_1_1' title='bbox 365 210 454 275; x_wconf 52' lang='lat'>5&amp;</span> <span class='ocrx_word' id='word_1_2' title='bbox 559 205 1437 256; x_wconf 70' lang='grc' dir='ltr'>ΑΝΝΟΤΑΤῙΟΝΕΞ</span> 
     </span>
    </p>
   </div>
   <div class='ocr_carea' id='block_1_2' title="bbox 336 297 1633 2559">
    <p class='ocr_par' dir='ltr' id='par_1_2' title="bbox 360 297 1633 780">
     <span class='ocr_line' id='line_1_2' title="bbox 360 297 1632 353; baseline 0 -13"><span class='ocrx_word' id='word_1_3' title='bbox 360 312 422 340; x_wconf 84' lang='lat' dir='ltr'>rat</span> <span class='ocrx_word' id='word_1_4' title='bbox 434 300 480 340; x_wconf 89' lang='lat' dir='ltr'>de</span> <span class='ocrx_word' id='word_1_5' title='bbox 498 298 679 353; x_wconf 88' lang='lat' dir='ltr'>Clisophe</span> <span class='ocrx_word' id='word_1_6' title='bbox 700 298 868 352; x_wconf 82' lang='lat' dir='ltr'>quodam</span> <span class='ocrx_word' id='word_1_7' title='bbox 885 297 1178 349; x_wconf 74' lang='lat' dir='ltr'>Selymbriarm,</span> <span class='ocrx_word' id='word_1_8' title='bbox 1195 299 1264 351; x_wconf 88' lang='lat' dir='ltr'>qui</span> <span class='ocrx_word' id='word_1_9' title='bbox 1279 298 1381 339; x_wconf 86' lang='lat' dir='ltr'>Sarni</span> <span class='ocrx_word' id='word_1_10' title='bbox 1398 312 1489 339; x_wconf 89' lang='lat' dir='ltr'>cum</span> <span class='ocrx_word' id='word_1_11' title='bbox 1511 298 1632 340; x_wconf 78' lang='lat' dir='ltr'>statua</span> 
     </span>
     <span class='ocr_line' id='line_1_3' title="bbox 361 350 1633 406; baseline 0.001 -14"><span class='ocrx_word' id='word_1_12' title='bbox 361 354 473 392; x_wconf 87' lang='lat' dir='ltr'>etiam</span> <span class='ocrx_word' id='word_1_13' title='bbox 497 354 534 392; x_wconf 92' lang='lat' dir='ltr'>in</span> <span class='ocrx_word' id='word_1_14' title='bbox 553 354 699 406; x_wconf 88' lang='lat' dir='ltr'>templo</span> <span class='ocrx_word' id='word_1_15' title='bbox 719 352 844 392; x_wconf 86' lang='lat' dir='ltr'>itidem</span> <span class='ocrx_word' id='word_1_16' title='bbox 861 350 1025 391; x_wconf 88' lang='lat' dir='ltr'>inclusus</span> <span class='ocrx_word' id='word_1_17' title='bbox 1048 364 1130 391; x_wconf 87' lang='lat' dir='ltr'>rem</span> <span class='ocrx_word' id='word_1_18' title='bbox 1146 352 1332 392; x_wconf 85' lang='lat' dir='ltr'>habuerit.</span> <span class='ocrx_word' id='word_1_19' title='bbox 1358 353 1633 401; x_wconf 78' lang='lat' dir='ltr'>Athen..X111‚</span> 
     </span>
     <span class='ocr_line' id='line_1_4' title="bbox 360 404 1633 459; baseline -0.001 -12"><span class='ocrx_word' id='word_1_20' title='bbox 360 408 439 447; x_wconf 84' lang='lat'>606</span> <span class='ocrx_word' id='word_1_21' title='bbox 449 437 462 452; x_wconf 89' lang='lat'>‚</span> <span class='ocrx_word' id='word_1_22' title='bbox 475 407 541 446; x_wconf 90' lang='lat' dir='ltr'>ubi</span> <span class='ocrx_word' id='word_1_23' title='bbox 559 407 598 445; x_wconf 89' lang='lat' dir='ltr'>in</span> <span class='ocrx_word' id='word_1_24' title='bbox 610 420 695 446; x_wconf 89' lang='lat' dir='ltr'>eam</span> <span class='ocrx_word' id='word_1_25' title='bbox 713 419 793 446; x_wconf 89' lang='lat' dir='ltr'>rem</span> <span class='ocrx_word' id='word_1_26' title='bbox 809 404 980 446; x_wconf 83' lang='lat' dir='ltr'>Alexidis</span> <span class='ocrx_word' id='word_1_27' title='bbox 993 405 1033 444; x_wconf 86' lang='lat'>&amp;</span> <span class='ocrx_word' id='word_1_28' title='bbox 1045 404 1275 445; x_wconf 84' lang='lat' dir='ltr'>Philemonis</span> <span class='ocrx_word' id='word_1_29' title='bbox 1288 405 1421 459; x_wconf 84' lang='lat' dir='ltr'>fragm.</span> <span class='ocrx_word' id='word_1_30' title='bbox 1436 405 1558 446; x_wconf 84' lang='lat' dir='ltr'>affert.</span> <span class='ocrx_word' id='word_1_31' title='bbox 1575 407 1633 447; x_wconf 88' lang='lat' dir='ltr'>Si-</span> 
     </span>
     <span class='ocr_line' id='line_1_5' title="bbox 360 459 1632 512; baseline -0.001 -12"><span class='ocrx_word' id='word_1_32' title='bbox 360 461 507 500; x_wconf 78' lang='lat' dir='ltr'>milium</span> <span class='ocrx_word' id='word_1_33' title='bbox 527 461 565 499; x_wconf 89' lang='lat' dir='ltr'>in</span> <span class='ocrx_word' id='word_1_34' title='bbox 587 460 726 500; x_wconf 85' lang='lat' dir='ltr'>statuas</span> <span class='ocrx_word' id='word_1_35' title='bbox 748 472 929 498; x_wconf 88' lang='lat' dir='ltr'>amorum</span> <span class='ocrx_word' id='word_1_36' title='bbox 952 459 1129 511; x_wconf 85' lang='lat' dir='ltr'>exempla</span> <span class='ocrx_word' id='word_1_37' title='bbox 1150 460 1226 498; x_wconf 84' lang='lat' dir='ltr'>viri</span> <span class='ocrx_word' id='word_1_38' title='bbox 1246 459 1347 499; x_wconf 66' lang='lat' dir='ltr'>docti</span> <span class='ocrx_word' id='word_1_39' title='bbox 1368 459 1632 512; x_wconf 81' lang='lat' dir='ltr'>collegerunt,</span> 
     </span>
     <span class='ocr_line' id='line_1_6' title="bbox 360 512 1632 565; baseline 0 -13"><span class='ocrx_word' id='word_1_40' title='bbox 360 514 428 564; x_wconf 84' lang='lat' dir='ltr'>qui</span> <span class='ocrx_word' id='word_1_41' title='bbox 443 514 654 554; x_wconf 83' lang='lat' dir='ltr'>Aelianum</span> <span class='ocrx_word' id='word_1_42' title='bbox 679 512 913 553; x_wconf 85' lang='lat' dir='ltr'>illustrarunt</span> <span class='ocrx_word' id='word_1_43' title='bbox 928 513 981 552; x_wconf 89' lang='lat' dir='ltr'>V.</span> <span class='ocrx_word' id='word_1_44' title='bbox 1003 513 1056 551; x_wconf 88' lang='lat' dir='ltr'>H.</span> <span class='ocrx_word' id='word_1_45' title='bbox 1071 512 1114 552; x_wconf 92' lang='lat' dir='ltr'>L.</span> <span class='ocrx_word' id='word_1_46' title='bbox 1134 512 1214 559; x_wconf 88' lang='lat' dir='ltr'>IX,</span> <span class='ocrx_word' id='word_1_47' title='bbox 1228 525 1261 552; x_wconf 90' lang='lat' dir='ltr'>c.</span> <span class='ocrx_word' id='word_1_48' title='bbox 1276 527 1336 565; x_wconf 83' lang='lat'>39.</span> <span class='ocrx_word' id='word_1_49' title='bbox 1349 512 1505 554; x_wconf 76' lang='lat' dir='ltr'><strong>SOLAN.</strong></span> <span class='ocrx_word' id='word_1_50' title='bbox 1522 518 1632 565; x_wconf 69' lang='lat' dir='ltr'>Hap-</span> 
     </span>
     <span class='ocr_line' id='line_1_7' title="bbox 361 564 1631 620; baseline 0 -12"><span class='ocrx_word' id='word_1_51' title='bbox 361 567 499 608; x_wconf 62' lang='grc' dir='ltr'>έὸωκεν</span> <span class='ocrx_word' id='word_1_52' title='bbox 515 567 708 620; x_wconf 68' lang='grc' dir='ltr'><em>ἱστορίαν)</em></span> <span class='ocrx_word' id='word_1_53' title='bbox 723 566 858 618; x_wconf 85' lang='lat' dir='ltr'>Quam</span> <span class='ocrx_word' id='word_1_54' title='bbox 873 564 988 605; x_wconf 85' lang='lat' dir='ltr'>refert</span> <span class='ocrx_word' id='word_1_55' title='bbox 1009 565 1122 605; x_wconf 82' lang='lat' dir='ltr'>etiam</span> <span class='ocrx_word' id='word_1_56' title='bbox 1139 565 1281 605; x_wconf 84' lang='lat' dir='ltr'>Plinius</span> <span class='ocrx_word' id='word_1_57' title='bbox 1297 567 1366 620; x_wconf 83' lang='lat'>36,</span> <span class='ocrx_word' id='word_1_58' title='bbox 1385 578 1419 618; x_wconf 85' lang='lat'>5,</span> <span class='ocrx_word' id='word_1_59' title='bbox 1432 566 1458 606; x_wconf 84' lang='lat' dir='ltr'>s.</span> <span class='ocrx_word' id='word_1_60' title='bbox 1470 581 1516 615; x_wconf 85' lang='lat'>4,</span> <span class='ocrx_word' id='word_1_61' title='bbox 1541 581 1575 618; x_wconf 82' lang='lat'>5,</span> <span class='ocrx_word' id='word_1_62' title='bbox 1587 567 1631 608; x_wconf 86' lang='lat'>&amp;</span> 
     </span>
     <span class='ocr_line' id='line_1_8' title="bbox 360 618 1631 673; baseline 0.001 -14"><span class='ocrx_word' id='word_1_63' title='bbox 360 633 462 672; x_wconf 88' lang='lat' dir='ltr'>quos</span> <span class='ocrx_word' id='word_1_64' title='bbox 481 621 530 659; x_wconf 90' lang='lat' dir='ltr'>ibi</span> <span class='ocrx_word' id='word_1_65' title='bbox 553 622 680 661; x_wconf 81' lang='lat' dir='ltr'>laudat</span> <span class='ocrx_word' id='word_1_66' title='bbox 698 620 929 660; x_wconf 86' lang='lat' dir='ltr'>Harduinus.</span> <span class='ocrx_word' id='word_1_67' title='bbox 951 618 1093 659; x_wconf 85' lang='lat' dir='ltr'>Similia</span> <span class='ocrx_word' id='word_1_68' title='bbox 1116 618 1334 660; x_wconf 83' lang='lat' dir='ltr'>insanorum</span> <span class='ocrx_word' id='word_1_69' title='bbox 1358 620 1443 673; x_wconf 91' lang='lat' dir='ltr'>post</span> <span class='ocrx_word' id='word_1_70' title='bbox 1463 620 1631 673; x_wconf 87' lang='lat' dir='ltr'>Pygma-</span> 
     </span>
     <span class='ocr_line' id='line_1_9' title="bbox 360 673 1632 727; baseline 0 -13"><span class='ocrx_word' id='word_1_71' title='bbox 360 674 506 714; x_wconf 87' lang='lat' dir='ltr'>lionem</span> <span class='ocrx_word' id='word_1_72' title='bbox 522 676 711 714; x_wconf 88' lang='lat' dir='ltr'>iuvenum</span> <span class='ocrx_word' id='word_1_73' title='bbox 725 705 736 722; x_wconf 92' lang='lat'>,</span> <span class='ocrx_word' id='word_1_74' title='bbox 755 673 895 712; x_wconf 80' lang='lat' dir='ltr'>statuas</span> <span class='ocrx_word' id='word_1_75' title='bbox 913 673 1222 725; x_wconf 87' lang='lat' dir='ltr'>depereuntium,</span> <span class='ocrx_word' id='word_1_76' title='bbox 1242 674 1418 726; x_wconf 81' lang='lat' dir='ltr'>exempla</span> <span class='ocrx_word' id='word_1_77' title='bbox 1429 673 1514 714; x_wconf 92' lang='lat' dir='ltr'>sunt</span> <span class='ocrx_word' id='word_1_78' title='bbox 1527 673 1632 727; x_wconf 84' lang='lat' dir='ltr'>apud</span> 
     </span>
     <span class='ocr_line' id='line_1_10' title="bbox 360 725 1110 780; baseline -0.003 -13"><span class='ocrx_word' id='word_1_79' title='bbox 360 727 607 767; x_wconf 82' lang='lat' dir='ltr'>Athenaeum</span> <span class='ocrx_word' id='word_1_80' title='bbox 621 729 661 769; x_wconf 90' lang='lat' dir='ltr'>L.</span> <span class='ocrx_word' id='word_1_81' title='bbox 679 741 737 780; x_wconf 86' lang='lat'>13,</span> <span class='ocrx_word' id='word_1_82' title='bbox 755 740 789 779; x_wconf 89' lang='lat' dir='ltr'>p.</span> <span class='ocrx_word' id='word_1_83' title='bbox 803 727 877 778; x_wconf 85' lang='lat'>605</span> <span class='ocrx_word' id='word_1_84' title='bbox 893 725 967 778; x_wconf 84' lang='lat' dir='ltr'>seq.</span> <span class='ocrx_word' id='word_1_85' title='bbox 983 726 1110 766; x_wconf 66' lang='lat' dir='ltr'>stw.</span> 
     </span>
    </p>

    <p class='ocr_par' dir='ltr' id='par_1_3' title="bbox 360 779 1629 888">
     <span class='ocr_line' id='line_1_11' title="bbox 414 779 1629 834; baseline 0.002 -15"><span class='ocrx_word' id='word_1_86' title='bbox 414 783 486 819; x_wconf 84' lang='lat' dir='ltr'>ead.</span> <span class='ocrx_word' id='word_1_87' title='bbox 506 782 528 818; x_wconf 93' lang='lat' dir='ltr'>l.</span> <span class='ocrx_word' id='word_1_88' title='bbox 544 797 576 834; x_wconf 82' lang='lat'>5.</span> <span class='ocrx_word' id='word_1_89' title='bbox 592 780 861 828; x_wconf 69' lang='grc' dir='ltr'>Ἐπιφοιτὶὂντοι</span> <span class='ocrx_word' id='word_1_90' title='bbox 873 779 927 829; x_wconf 72' lang='grc' dir='ltr'>τῷ</span> <span class='ocrx_word' id='word_1_91' title='bbox 938 781 1077 830; x_wconf 80' lang='grc' dir='ltr'><em>τεμένει</em></span> <span class='ocrx_word' id='word_1_92' title='bbox 1091 780 1196 833; x_wconf 84' lang='lat' dir='ltr'>&amp;c.)</span> <span class='ocrx_word' id='word_1_93' title='bbox 1215 780 1306 821; x_wconf 85' lang='lat' dir='ltr'>Vid.</span> <span class='ocrx_word' id='word_1_94' title='bbox 1325 779 1448 821; x_wconf 87' lang='lat' dir='ltr'>Clem.</span> <span class='ocrx_word' id='word_1_95' title='bbox 1462 779 1576 821; x_wconf 83' lang='lat' dir='ltr'>Alex.</span> <span class='ocrx_word' id='word_1_96' title='bbox 1591 780 1629 821; x_wconf 81' lang='lat' dir='ltr'>in</span> 
     </span>
     <span class='ocr_line' id='line_1_12' title="bbox 360 833 1147 888; baseline -0.001 -14"><span class='ocrx_word' id='word_1_97' title='bbox 360 833 604 887; x_wconf 84' lang='lat' dir='ltr'>Protreptico</span> <span class='ocrx_word' id='word_1_98' title='bbox 619 850 654 888; x_wconf 89' lang='lat' dir='ltr'>p.</span> <span class='ocrx_word' id='word_1_99' title='bbox 667 849 717 874; x_wconf 85' lang='lat' dir='ltr'>m.</span> <span class='ocrx_word' id='word_1_100' title='bbox 736 848 797 882; x_wconf 88' lang='lat'>17,</span> <span class='ocrx_word' id='word_1_101' title='bbox 812 834 836 872; x_wconf 88' lang='lat'>1.</span> <span class='ocrx_word' id='word_1_102' title='bbox 849 848 907 886; x_wconf 83' lang='lat'>32.</span> <span class='ocrx_word' id='word_1_103' title='bbox 922 844 975 872; x_wconf 77' lang='lat' dir='ltr'>LA</span> <span class='ocrx_word' id='word_1_104' title='bbox 988 833 1147 874; x_wconf 71' lang='lat' dir='ltr'>CRozt.</span> 
     </span>
    </p>

    <p class='ocr_par' dir='ltr' id='par_1_4' title="bbox 413 886 1573 940">
     <span class='ocr_line' id='line_1_13' title="bbox 413 886 1573 940; baseline 0.001 -13"><span class='ocrx_word' id='word_1_105' title='bbox 413 891 488 928; x_wconf 75' lang='lat' dir='ltr'>ead.</span> <span class='ocrx_word' id='word_1_106' title='bbox 508 889 531 927; x_wconf 87' lang='lat' dir='ltr'>l.</span> <span class='ocrx_word' id='word_1_107' title='bbox 553 902 608 929; x_wconf 85' lang='lat'>12.</span> <span class='ocrx_word' id='word_1_108' title='bbox 624 888 692 926; x_wconf 74' lang='grc' dir='ltr'>Κοιὶ</span> <span class='ocrx_word' id='word_1_109' title='bbox 705 886 984 939; x_wconf 75' lang='grc' dir='ltr'>κλεπτομένοις)</span> <span class='ocrx_word' id='word_1_110' title='bbox 998 887 1068 926; x_wconf 74' lang='grc' dir='ltr'>Καὶ</span> <span class='ocrx_word' id='word_1_111' title='bbox 1087 888 1359 940; x_wconf 73' lang='grc' dir='ltr'>κλεπτομένης.</span> <span class='ocrx_word' id='word_1_112' title='bbox 1383 888 1573 930; x_wconf 80' lang='lat' dir='ltr'>MARcu..</span> 
     </span>
    </p>

    <p class='ocr_par' dir='ltr' id='par_1_5' title="bbox 357 940 1630 1316">
     <span class='ocr_line' id='line_1_14' title="bbox 413 940 1630 995; baseline 0 -13"><span class='ocrx_word' id='word_1_113' title='bbox 413 945 488 982; x_wconf 86' lang='lat' dir='ltr'>ead.</span> <span class='ocrx_word' id='word_1_114' title='bbox 504 943 526 980; x_wconf 90' lang='lat' dir='ltr'>l.</span> <span class='ocrx_word' id='word_1_115' title='bbox 541 955 599 993; x_wconf 87' lang='lat'>15.</span> <span class='ocrx_word' id='word_1_116' title='bbox 614 943 899 995; x_wconf 62' lang='lat' dir='ltr'>&#39;Acrpovyo&#39;tmus</span> <span class='ocrx_word' id='word_1_117' title='bbox 915 940 1073 985; x_wconf 68' lang='grc' dir='ltr'>Λιβυκῆς</span> <span class='ocrx_word' id='word_1_118' title='bbox 1085 941 1232 994; x_wconf 61' lang='grc' dir='ltr'>ὃορκὶς)</span> <span class='ocrx_word' id='word_1_119' title='bbox 1247 942 1348 982; x_wconf 90' lang='lat' dir='ltr'>Inter</span> <span class='ocrx_word' id='word_1_120' title='bbox 1361 942 1557 982; x_wconf 83' lang='lat' dir='ltr'>delicatam</span> <span class='ocrx_word' id='word_1_121' title='bbox 1571 941 1630 983; x_wconf 88' lang='lat' dir='ltr'>su-</span> 
     </span>
     <span class='ocr_line' id='line_1_15' title="bbox 359 993 1629 1048; baseline 0.002 -14"><span class='ocrx_word' id='word_1_122' title='bbox 359 993 583 1048; x_wconf 73' lang='lat' dir='ltr'>pelleffilem</span> <span class='ocrx_word' id='word_1_123' title='bbox 603 995 844 1047; x_wconf 57' lang='grc' dir='ltr'>ὃορκοιὲείους</span> <span class='ocrx_word' id='word_1_124' title='bbox 869 995 1146 1048; x_wconf 66' lang='grc' dir='ltr'>ἀστραγάλους</span> <span class='ocrx_word' id='word_1_125' title='bbox 1161 1008 1349 1036; x_wconf 87' lang='lat' dir='ltr'>memorat</span> <span class='ocrx_word' id='word_1_126' title='bbox 1369 998 1482 1036; x_wconf 84' lang='lat' dir='ltr'>etiam</span> <span class='ocrx_word' id='word_1_127' title='bbox 1495 997 1629 1038; x_wconf 81' lang='lat' dir='ltr'>Theo-</span> 
     </span>
     <span class='ocr_line' id='line_1_16' title="bbox 359 1048 1629 1103; baseline 0.002 -15"><span class='ocrx_word' id='word_1_128' title='bbox 359 1048 532 1102; x_wconf 83' lang='lat' dir='ltr'>phrastus</span> <span class='ocrx_word' id='word_1_129' title='bbox 546 1048 663 1090; x_wconf 83' lang='lat' dir='ltr'>Char.</span> <span class='ocrx_word' id='word_1_130' title='bbox 685 1048 891 1102; x_wconf 68' lang='grc' dir='ltr'>ἀρεσκείας,</span> <span class='ocrx_word' id='word_1_131' title='bbox 914 1049 962 1087; x_wconf 78' lang='lat' dir='ltr'>ad</span> <span class='ocrx_word' id='word_1_132' title='bbox 984 1062 1099 1102; x_wconf 90' lang='lat' dir='ltr'>quem</span> <span class='ocrx_word' id='word_1_133' title='bbox 1118 1050 1251 1089; x_wconf 88' lang='lat' dir='ltr'>locum</span> <span class='ocrx_word' id='word_1_134' title='bbox 1267 1051 1415 1103; x_wconf 89' lang='lat' dir='ltr'>reliqua</span> <span class='ocrx_word' id='word_1_135' title='bbox 1430 1050 1532 1090; x_wconf 87' lang='lat' dir='ltr'>dedit</span> <span class='ocrx_word' id='word_1_136' title='bbox 1551 1049 1629 1091; x_wconf 86' lang='lat' dir='ltr'>Ca-</span> 
     </span>
     <span class='ocr_line' id='line_1_17' title="bbox 358 1101 1628 1157; baseline 0.003 -17"><span class='ocrx_word' id='word_1_137' title='bbox 358 1101 553 1143; x_wconf 84' lang='lat' dir='ltr'>saubonus</span> <span class='ocrx_word' id='word_1_138' title='bbox 572 1118 608 1157; x_wconf 91' lang='lat' dir='ltr'>p.</span> <span class='ocrx_word' id='word_1_139' title='bbox 624 1103 709 1155; x_wconf 89' lang='lat'>167.</span> <span class='ocrx_word' id='word_1_140' title='bbox 725 1102 868 1142; x_wconf 88' lang='lat' dir='ltr'>Politae</span> <span class='ocrx_word' id='word_1_141' title='bbox 889 1102 1038 1142; x_wconf 88' lang='lat' dir='ltr'>duritiei</span> <span class='ocrx_word' id='word_1_142' title='bbox 1052 1102 1161 1143; x_wconf 84' lang='lat' dir='ltr'>causa</span> <span class='ocrx_word' id='word_1_143' title='bbox 1176 1103 1216 1142; x_wconf 88' lang='lat' dir='ltr'>in</span> <span class='ocrx_word' id='word_1_144' title='bbox 1234 1105 1358 1155; x_wconf 89' lang='lat' dir='ltr'>pretio</span> <span class='ocrx_word' id='word_1_145' title='bbox 1372 1103 1479 1144; x_wconf 87' lang='lat' dir='ltr'>fuiffe</span> <span class='ocrx_word' id='word_1_146' title='bbox 1492 1105 1628 1144; x_wconf 86' lang='lat' dir='ltr'>viden-</span> 
     </span>
     <span class='ocr_line' id='line_1_18' title="bbox 358 1157 1627 1211; baseline 0.002 -16"><span class='ocrx_word' id='word_1_147' title='bbox 358 1167 433 1195; x_wconf 84' lang='lat' dir='ltr'>tur.</span> <span class='ocrx_word' id='word_1_148' title='bbox 444 1158 555 1197; x_wconf 88' lang='lat' dir='ltr'>Verti</span> <span class='ocrx_word' id='word_1_149' title='bbox 567 1168 694 1197; x_wconf 85' lang='lat' dir='ltr'>autem</span> <span class='ocrx_word' id='word_1_150' title='bbox 708 1169 791 1196; x_wconf 90' lang='lat' dir='ltr'>non</span> <span class='ocrx_word' id='word_1_151' title='bbox 804 1171 955 1208; x_wconf 72' lang='lat' dir='ltr'>capream</span> <span class='ocrx_word' id='word_1_152' title='bbox 965 1187 977 1205; x_wconf 91' lang='lat'>‚</span> <span class='ocrx_word' id='word_1_153' title='bbox 998 1157 1102 1210; x_wconf 89' lang='lat' dir='ltr'>quod</span> <span class='ocrx_word' id='word_1_154' title='bbox 1122 1170 1244 1211; x_wconf 88' lang='lat' dir='ltr'>genus</span> <span class='ocrx_word' id='word_1_155' title='bbox 1258 1157 1413 1197; x_wconf 89' lang='lat' dir='ltr'>Africae</span> <span class='ocrx_word' id='word_1_156' title='bbox 1425 1171 1541 1211; x_wconf 85' lang='lat' dir='ltr'>negat</span> <span class='ocrx_word' id='word_1_157' title='bbox 1554 1158 1627 1197; x_wconf 89' lang='lat' dir='ltr'>Pli-</span> 
     </span>
     <span class='ocr_line' id='line_1_19' title="bbox 358 1209 1628 1265; baseline 0.002 -16"><span class='ocrx_word' id='word_1_158' title='bbox 358 1209 445 1249; x_wconf 87' lang='lat' dir='ltr'>nius</span> <span class='ocrx_word' id='word_1_159' title='bbox 460 1209 505 1254; x_wconf 85' lang='lat'>8,</span> <span class='ocrx_word' id='word_1_160' title='bbox 526 1210 593 1260; x_wconf 86' lang='lat'>58,</span> <span class='ocrx_word' id='word_1_161' title='bbox 610 1210 698 1263; x_wconf 68' lang='lat'>[83</span> <span class='ocrx_word' id='word_1_162' title='bbox 716 1222 811 1250; x_wconf 84' lang='lat' dir='ltr'><strong>extr.</strong></span> <span class='ocrx_word' id='word_1_163' title='bbox 827 1210 887 1249; x_wconf 87' lang='lat' dir='ltr'>sed</span> <span class='ocrx_word' id='word_1_164' title='bbox 906 1212 1065 1257; x_wconf 74' lang='lat' dir='ltr'>damam,</span> <span class='ocrx_word' id='word_1_165' title='bbox 1084 1212 1129 1250; x_wconf 91' lang='lat' dir='ltr'>de</span> <span class='ocrx_word' id='word_1_166' title='bbox 1145 1224 1221 1263; x_wconf 90' lang='lat' dir='ltr'>qua</span> <span class='ocrx_word' id='word_1_167' title='bbox 1244 1212 1341 1251; x_wconf 90' lang='lat' dir='ltr'>idem</span> <span class='ocrx_word' id='word_1_168' title='bbox 1362 1211 1384 1251; x_wconf 93' lang='lat'>8</span> <span class='ocrx_word' id='word_1_169' title='bbox 1398 1242 1409 1258; x_wconf 92' lang='lat'>‚</span> <span class='ocrx_word' id='word_1_170' title='bbox 1426 1212 1535 1262; x_wconf 86' lang='lat' dir='ltr'>52‚s.</span> <span class='ocrx_word' id='word_1_171' title='bbox 1549 1226 1600 1265; x_wconf 94' lang='lat'>79</span> <span class='ocrx_word' id='word_1_172' title='bbox 1614 1243 1628 1261; x_wconf 94' lang='lat'><strong>,</strong></span> 
     </span>
     <span class='ocr_line' id='line_1_20' title="bbox 357 1263 1624 1316; baseline 0.002 -14"><span class='ocrx_word' id='word_1_173' title='bbox 357 1276 473 1316; x_wconf 79' lang='lat' dir='ltr'>quam</span> <span class='ocrx_word' id='word_1_174' title='bbox 488 1263 661 1315; x_wconf 54' lang='grc' dir='ltr'>ἓορκάὲοι</span> <span class='ocrx_word' id='word_1_175' title='bbox 673 1264 891 1308; x_wconf 71' lang='grc' dir='ltr'><strong><em>Λιβυστίνην</em></strong></span> <span class='ocrx_word' id='word_1_176' title='bbox 907 1275 1024 1303; x_wconf 87' lang='lat' dir='ltr'>vocat</span> <span class='ocrx_word' id='word_1_177' title='bbox 1037 1265 1121 1304; x_wconf 89' lang='lat' dir='ltr'>Ael.</span> <span class='ocrx_word' id='word_1_178' title='bbox 1135 1266 1185 1304; x_wconf 89' lang='lat' dir='ltr'>H.</span> <span class='ocrx_word' id='word_1_179' title='bbox 1203 1265 1332 1305; x_wconf 90' lang='lat' dir='ltr'>Anim.</span> <span class='ocrx_word' id='word_1_180' title='bbox 1352 1279 1413 1315; x_wconf 85' lang='lat'>14,</span> <span class='ocrx_word' id='word_1_181' title='bbox 1426 1280 1483 1314; x_wconf 89' lang='lat'>14.</span> <span class='ocrx_word' id='word_1_182' title='bbox 1495 1265 1624 1306; x_wconf 65' lang='lat' dir='ltr'>stu.</span> 
     </span>
    </p>

    <p class='ocr_par' dir='ltr' id='par_1_6' title="bbox 352 1316 1627 1573">
     <span class='ocr_line' id='line_1_21' title="bbox 414 1316 1627 1371; baseline 0.005 -17"><span class='ocrx_word' id='word_1_183' title='bbox 414 1318 501 1370; x_wconf 77' lang='lat' dir='ltr'>Pag.</span> <span class='ocrx_word' id='word_1_184' title='bbox 519 1331 606 1367; x_wconf 83' lang='lat'>274.</span> <span class='ocrx_word' id='word_1_185' title='bbox 622 1319 645 1356; x_wconf 92' lang='lat' dir='ltr'>l.</span> <span class='ocrx_word' id='word_1_186' title='bbox 665 1331 693 1356; x_wconf 79' lang='grc' dir='ltr'>ι.</span> <span class='ocrx_word' id='word_1_187' title='bbox 708 1316 870 1370; x_wconf 69' lang='grc' dir='ltr'>Δορκος)</span> <span class='ocrx_word' id='word_1_188' title='bbox 894 1317 995 1357; x_wconf 78' lang='lat' dir='ltr'>Vide</span> <span class='ocrx_word' id='word_1_189' title='bbox 1015 1316 1158 1358; x_wconf 86' lang='lat' dir='ltr'>Athen.</span> <span class='ocrx_word' id='word_1_190' title='bbox 1175 1332 1248 1370; x_wconf 86' lang='lat'>194</span> <span class='ocrx_word' id='word_1_191' title='bbox 1263 1319 1309 1371; x_wconf 63' lang='lat' dir='ltr'>A,</span> <span class='ocrx_word' id='word_1_192' title='bbox 1323 1319 1389 1358; x_wconf 88' lang='lat' dir='ltr'>ubi</span> <span class='ocrx_word' id='word_1_193' title='bbox 1408 1319 1627 1360; x_wconf 85' lang='lat' dir='ltr'>Antiochus</span> 
     </span>
     <span class='ocr_line' id='line_1_22' title="bbox 355 1369 1625 1425; baseline 0.003 -15"><span class='ocrx_word' id='word_1_194' title='bbox 355 1369 574 1423; x_wconf 84' lang='lat' dir='ltr'>Epiphanes</span> <span class='ocrx_word' id='word_1_195' title='bbox 593 1370 721 1411; x_wconf 58' lang='lat' dir='ltr'>{sisara</span> <span class='ocrx_word' id='word_1_196' title='bbox 742 1369 818 1410; x_wconf 80' lang='grc' dir='ltr'><em>τοῖς</em></span> <span class='ocrx_word' id='word_1_197' title='bbox 831 1371 900 1421; x_wconf 80' lang='grc' dir='ltr'>μὲν</span> <span class='ocrx_word' id='word_1_198' title='bbox 920 1371 1191 1425; x_wconf 54' lang='grc' dir='ltr'>ἀστραγάλους</span> <span class='ocrx_word' id='word_1_199' title='bbox 1212 1372 1465 1423; x_wconf 60' lang='grc' dir='ltr'>Σορκοιὸείους,</span> <span class='ocrx_word' id='word_1_200' title='bbox 1485 1373 1562 1413; x_wconf 77' lang='grc' dir='ltr'><em>τοῖς</em></span> <span class='ocrx_word' id='word_1_201' title='bbox 1578 1373 1625 1414; x_wconf 68' lang='grc' dir='ltr'>«Γὲ</span> 
     </span>
     <span class='ocr_line' id='line_1_23' title="bbox 356 1422 1626 1477; baseline 0.005 -16"><span class='ocrx_word' id='word_1_202' title='bbox 356 1425 699 1473; x_wconf 58' lang='grc' dir='ltr'>φοινικοβαλάνους,</span> <span class='ocrx_word' id='word_1_203' title='bbox 713 1422 842 1465; x_wconf 67' lang='grc' dir='ltr'><em>ἄλλοις</em></span> <span class='ocrx_word' id='word_1_204' title='bbox 854 1424 899 1465; x_wconf 59' lang='grc' dir='ltr'>δὲ</span> <span class='ocrx_word' id='word_1_205' title='bbox 915 1425 1080 1477; x_wconf 75' lang='grc' dir='ltr'><em>χρυσίον.</em></span> <span class='ocrx_word' id='word_1_206' title='bbox 1104 1425 1170 1466; x_wconf 92' lang='lat' dir='ltr'>De</span> <span class='ocrx_word' id='word_1_207' title='bbox 1188 1426 1245 1465; x_wconf 89' lang='lat' dir='ltr'>his</span> <span class='ocrx_word' id='word_1_208' title='bbox 1265 1438 1395 1466; x_wconf 91' lang='lat' dir='ltr'>autem</span> <span class='ocrx_word' id='word_1_209' title='bbox 1416 1427 1535 1466; x_wconf 89' lang='lat' dir='ltr'>multa</span> <span class='ocrx_word' id='word_1_210' title='bbox 1552 1427 1626 1468; x_wconf 88' lang='lat' dir='ltr'>Ca-</span> 
     </span>
     <span class='ocr_line' id='line_1_24' title="bbox 353 1477 1626 1534; baseline 0.004 -18"><span class='ocrx_word' id='word_1_211' title='bbox 353 1477 549 1518; x_wconf 73' lang='lat' dir='ltr'>saubonus</span> <span class='ocrx_word' id='word_1_212' title='bbox 559 1510 572 1527; x_wconf 95' lang='lat'><em>,</em></span> <span class='ocrx_word' id='word_1_213' title='bbox 588 1479 659 1532; x_wconf 86' lang='lat' dir='ltr'>(ad</span> <span class='ocrx_word' id='word_1_214' title='bbox 671 1479 869 1532; x_wconf 87' lang='lat' dir='ltr'>Theophr.</span> <span class='ocrx_word' id='word_1_215' title='bbox 882 1479 999 1520; x_wconf 84' lang='lat' dir='ltr'>Char.</span> <span class='ocrx_word' id='word_1_216' title='bbox 1017 1492 1103 1534; x_wconf 83' lang='lat' dir='ltr'>pag.</span> <span class='ocrx_word' id='word_1_217' title='bbox 1121 1478 1213 1533; x_wconf 89' lang='lat'>167)</span> <span class='ocrx_word' id='word_1_218' title='bbox 1231 1481 1297 1534; x_wconf 92' lang='lat' dir='ltr'>qui</span> <span class='ocrx_word' id='word_1_219' title='bbox 1309 1480 1409 1521; x_wconf 87' lang='lat' dir='ltr'>talos</span> <span class='ocrx_word' id='word_1_220' title='bbox 1421 1480 1510 1521; x_wconf 86' lang='lat' dir='ltr'>facit</span> <span class='ocrx_word' id='word_1_221' title='bbox 1525 1481 1626 1521; x_wconf 85' lang='lat' dir='ltr'>inar-</span> 
     </span>
     <span class='ocr_line' id='line_1_25' title="bbox 352 1533 719 1573; baseline -0.003 0"><span class='ocrx_word' id='word_1_222' title='bbox 352 1533 538 1573; x_wconf 84' lang='lat' dir='ltr'>tificiales.</span> <span class='ocrx_word' id='word_1_223' title='bbox 560 1534 719 1573; x_wconf 76' lang='lat' dir='ltr'><strong>SOLAN.</strong></span> 
     </span>
    </p>

    <p class='ocr_par' dir='ltr' id='par_1_7' title="bbox 351 1585 1624 1681">
     <span class='ocr_line' id='line_1_26' title="bbox 407 1585 1624 1643; baseline 0.004 -19"><span class='ocrx_word' id='word_1_224' title='bbox 407 1588 491 1626; x_wconf 63' lang='lat' dir='ltr'>ibid.</span> <span class='ocrx_word' id='word_1_225' title='bbox 503 1585 808 1641; x_wconf 47' lang='lat' dir='ltr'>&#39;Avroepeter‘rcoeq</span> <span class='ocrx_word' id='word_1_226' title='bbox 826 1586 964 1627; x_wconf 86' lang='lat' dir='ltr'>Melius</span> <span class='ocrx_word' id='word_1_227' title='bbox 985 1586 1111 1629; x_wconf 82' lang='lat' dir='ltr'>forsan</span> <span class='ocrx_word' id='word_1_228' title='bbox 1130 1585 1400 1642; x_wconf 73' lang='grc' dir='ltr'><em>ἀπορυθμίσοις.</em></span> <span class='ocrx_word' id='word_1_229' title='bbox 1425 1587 1542 1630; x_wconf 84' lang='lat' dir='ltr'>Certe</span> <span class='ocrx_word' id='word_1_230' title='bbox 1555 1601 1624 1643; x_wconf 81' lang='lat' dir='ltr'>pa-</span> 
     </span>
     <span class='ocr_line' id='line_1_27' title="bbox 351 1642 924 1681; baseline 0.002 -2"><span class='ocrx_word' id='word_1_231' title='bbox 351 1653 438 1679; x_wconf 83' lang='lat' dir='ltr'>rum</span> <span class='ocrx_word' id='word_1_232' title='bbox 455 1644 664 1681; x_wconf 86' lang='lat' dir='ltr'>commoda</span> <span class='ocrx_word' id='word_1_233' title='bbox 679 1642 751 1680; x_wconf 88' lang='lat' dir='ltr'>illa.</span> <span class='ocrx_word' id='word_1_234' title='bbox 766 1642 924 1681; x_wconf 74' lang='lat' dir='ltr'><strong>SOLAN.</strong></span> 
     </span>
    </p>

    <p class='ocr_par' dir='ltr' id='par_1_8' title="bbox 405 1694 1420 1748">
     <span class='ocr_line' id='line_1_28' title="bbox 405 1694 1420 1748; baseline 0.005 -16"><span class='ocrx_word' id='word_1_235' title='bbox 405 1698 483 1733; x_wconf 74' lang='lat' dir='ltr'>ead.</span> <span class='ocrx_word' id='word_1_236' title='bbox 497 1696 517 1733; x_wconf 92' lang='lat' dir='ltr'>l.</span> <span class='ocrx_word' id='word_1_237' title='bbox 540 1710 573 1735; x_wconf 89' lang='lat'>2.</span> <span class='ocrx_word' id='word_1_238' title='bbox 586 1696 667 1734; x_wconf 71' lang='grc' dir='ltr'>Ἐπὶ</span> <span class='ocrx_word' id='word_1_239' title='bbox 682 1695 853 1748; x_wconf 68' lang='grc' dir='ltr'>σκοποῦ)</span> <span class='ocrx_word' id='word_1_240' title='bbox 870 1694 1011 1734; x_wconf 84' lang='lat' dir='ltr'>Forsan</span> <span class='ocrx_word' id='word_1_241' title='bbox 1027 1697 1246 1736; x_wconf 71' lang='grc' dir='ltr'>ἐπεσκότει.</span> <span class='ocrx_word' id='word_1_242' title='bbox 1261 1696 1420 1737; x_wconf 83' lang='lat' dir='ltr'><strong>SOLAN.</strong></span> 
     </span>
    </p>

    <p class='ocr_par' dir='ltr' id='par_1_9' title="bbox 336 1746 1621 2113">
     <span class='ocr_line' id='line_1_29' title="bbox 404 1746 1618 1802; baseline 0.003 -16"><span class='ocrx_word' id='word_1_243' title='bbox 404 1749 483 1787; x_wconf 76' lang='lat' dir='ltr'>ibid.</span> <span class='ocrx_word' id='word_1_244' title='bbox 498 1749 567 1786; x_wconf 52' lang='grc' dir='ltr'>Τὴν</span> <span class='ocrx_word' id='word_1_245' title='bbox 580 1752 663 1788; x_wconf 59' lang='grc' dir='ltr'>δεον</span> <span class='ocrx_word' id='word_1_246' title='bbox 676 1746 812 1802; x_wconf 69' lang='grc' dir='ltr'>αὐτὴν)</span> <span class='ocrx_word' id='word_1_247' title='bbox 825 1749 950 1788; x_wconf 70' lang='grc' dir='ltr'>Ιεξὶυε</span> <span class='ocrx_word' id='word_1_248' title='bbox 964 1750 1033 1794; x_wconf 82' lang='lat' dir='ltr'>est,</span> <span class='ocrx_word' id='word_1_249' title='bbox 1043 1763 1156 1802; x_wconf 85' lang='lat' dir='ltr'>quem</span> <span class='ocrx_word' id='word_1_250' title='bbox 1172 1748 1248 1802; x_wconf 83' lang='lat' dir='ltr'>ipse</span> <span class='ocrx_word' id='word_1_251' title='bbox 1260 1749 1446 1789; x_wconf 81' lang='lat' dir='ltr'>describit.</span> <span class='ocrx_word' id='word_1_252' title='bbox 1458 1749 1618 1791; x_wconf 72' lang='lat' dir='ltr'><strong>SOLAN.</strong></span> 
     </span>
     <span class='ocr_line' id='line_1_30' title="bbox 348 1801 1621 1853; baseline 0.004 -13"><span class='ocrx_word' id='word_1_253' title='bbox 348 1801 496 1841; x_wconf 63' lang='lat' dir='ltr'>Iac‘ium</span> <span class='ocrx_word' id='word_1_254' title='bbox 517 1804 654 1842; x_wconf 78' lang='lat' dir='ltr'>Veneris</span> <span class='ocrx_word' id='word_1_255' title='bbox 668 1805 807 1842; x_wconf 75' lang='lat' dir='ltr'>dictum</span> <span class='ocrx_word' id='word_1_256' title='bbox 821 1802 927 1842; x_wconf 80' lang='lat' dir='ltr'>fuiffe</span> <span class='ocrx_word' id='word_1_257' title='bbox 945 1804 1082 1843; x_wconf 65' lang='lat' dir='ltr'>iaetum</span> <span class='ocrx_word' id='word_1_258' title='bbox 1100 1803 1350 1843; x_wconf 73' lang='lat' dir='ltr'>felicissimum</span> <span class='ocrx_word' id='word_1_259' title='bbox 1363 1835 1374 1853; x_wconf 93' lang='lat'><strong>‚</strong></span> <span class='ocrx_word' id='word_1_260' title='bbox 1395 1816 1438 1844; x_wconf 88' lang='lat' dir='ltr'>ut</span> <span class='ocrx_word' id='word_1_261' title='bbox 1451 1805 1547 1844; x_wconf 82' lang='lat' dir='ltr'>canis</span> <span class='ocrx_word' id='word_1_262' title='bbox 1561 1806 1621 1845; x_wconf 90' lang='lat' dir='ltr'>de·</span> 
     </span>
     <span class='ocr_line' id='line_1_31' title="bbox 347 1856 1620 1910; baseline 0.003 -15"><span class='ocrx_word' id='word_1_263' title='bbox 347 1857 549 1895; x_wconf 86' lang='lat' dir='ltr'>terrimum</span> <span class='ocrx_word' id='word_1_264' title='bbox 559 1888 572 1903; x_wconf 86' lang='lat'><em>‚</em></span> <span class='ocrx_word' id='word_1_265' title='bbox 585 1858 695 1897; x_wconf 87' lang='lat' dir='ltr'>nimis</span> <span class='ocrx_word' id='word_1_266' title='bbox 707 1869 844 1896; x_wconf 87' lang='lat' dir='ltr'>norum</span> <span class='ocrx_word' id='word_1_267' title='bbox 859 1858 1038 1896; x_wconf 86' lang='lat' dir='ltr'>arbitror.</span> <span class='ocrx_word' id='word_1_268' title='bbox 1051 1858 1214 1910; x_wconf 82' lang='lat' dir='ltr'>Alioqui</span> <span class='ocrx_word' id='word_1_269' title='bbox 1228 1856 1389 1898; x_wconf 58' lang='lat' dir='ltr'>ledores</span> <span class='ocrx_word' id='word_1_270' title='bbox 1403 1858 1620 1910; x_wconf 77' lang='lat' dir='ltr'>ablegat-em</span> 
     </span>
     <span class='ocr_line' id='line_1_32' title="bbox 348 1910 1618 1965; baseline 0.004 -17"><span class='ocrx_word' id='word_1_271' title='bbox 348 1911 394 1948; x_wconf 85' lang='lat' dir='ltr'>ad</span> <span class='ocrx_word' id='word_1_272' title='bbox 414 1910 577 1950; x_wconf 78' lang='lat' dir='ltr'>(asaub.</span> <span class='ocrx_word' id='word_1_273' title='bbox 600 1925 644 1952; x_wconf 84' lang='lat' dir='ltr'>ac</span> <span class='ocrx_word' id='word_1_274' title='bbox 655 1912 827 1951; x_wconf 88' lang='lat' dir='ltr'>Turneb.</span> <span class='ocrx_word' id='word_1_275' title='bbox 847 1912 892 1950; x_wconf 82' lang='lat' dir='ltr'>ad</span> <span class='ocrx_word' id='word_1_276' title='bbox 905 1911 1006 1950; x_wconf 83' lang='lat' dir='ltr'>Suet.</span> <span class='ocrx_word' id='word_1_277' title='bbox 1020 1912 1125 1965; x_wconf 81' lang='lat' dir='ltr'>Aug.</span> <span class='ocrx_word' id='word_1_278' title='bbox 1138 1924 1170 1951; x_wconf 89' lang='lat' dir='ltr'>c.</span> <span class='ocrx_word' id='word_1_279' title='bbox 1185 1926 1249 1959; x_wconf 86' lang='lat'>71,</span> <span class='ocrx_word' id='word_1_280' title='bbox 1265 1913 1330 1951; x_wconf 90' lang='lat' dir='ltr'>ubi</span> <span class='ocrx_word' id='word_1_281' title='bbox 1342 1913 1412 1952; x_wconf 84' lang='lat' dir='ltr'>ait:</span> <span class='ocrx_word' id='word_1_282' title='bbox 1429 1912 1522 1951; x_wconf 86' lang='lat' dir='ltr'>Talis</span> <span class='ocrx_word' id='word_1_283' title='bbox 1531 1914 1618 1953; x_wconf 79' lang='lat' dir='ltr'>enim</span> 
     </span>
     <span class='ocr_line' id='line_1_33' title="bbox 346 1965 1617 2018; baseline 0.002 -15"><span class='ocrx_word' id='word_1_284' title='bbox 346 1965 495 2011; x_wconf 64' lang='grc' dir='ltr'>ἱαὲἕαῑίς,</span> <span class='ocrx_word' id='word_1_285' title='bbox 518 1977 559 2003; x_wconf 82' lang='lat' dir='ltr'>ut</span> <span class='ocrx_word' id='word_1_286' title='bbox 581 1965 719 2018; x_wconf 67' lang='lat' dir='ltr'>qm&#39;sqzte</span> <span class='ocrx_word' id='word_1_287' title='bbox 737 1981 849 2005; x_wconf 74' lang='lat' dir='ltr'>canem</span> <span class='ocrx_word' id='word_1_288' title='bbox 864 1965 1104 2016; x_wconf 62' lang='lat' dir='ltr'>autfertionem</span> <span class='ocrx_word' id='word_1_289' title='bbox 1124 1966 1280 2016; x_wconf 60' lang='lat' dir='ltr'>frustrat,</span> <span class='ocrx_word' id='word_1_290' title='bbox 1296 1967 1333 2004; x_wconf 83' lang='lat' dir='ltr'>in</span> <span class='ocrx_word' id='word_1_291' title='bbox 1350 1967 1506 2018; x_wconf 81' lang='lat' dir='ltr'>singulos</span> <span class='ocrx_word' id='word_1_292' title='bbox 1526 1967 1617 2006; x_wconf 81' lang='lat' dir='ltr'>talos</span> 
     </span>
     <span class='ocr_line' id='line_1_34' title="bbox 336 2018 1617 2074; baseline 0.005 -19"><span class='ocrx_word' id='word_1_293' title='bbox 336 2019 497 2069; x_wconf 63' lang='lat' dir='ltr'>fivzgulos</span> <span class='ocrx_word' id='word_1_294' title='bbox 509 2022 663 2059; x_wconf 79' lang='lat' dir='ltr'>denarios</span> <span class='ocrx_word' id='word_1_295' title='bbox 677 2021 713 2058; x_wconf 75' lang='lat' dir='ltr'>in</span> <span class='ocrx_word' id='word_1_296' title='bbox 727 2020 867 2059; x_wconf 61' lang='lat' dir='ltr'>medium</span> <span class='ocrx_word' id='word_1_297' title='bbox 882 2018 1092 2070; x_wconf 71' lang='lat' dir='ltr'>conferebat:</span> <span class='ocrx_word' id='word_1_298' title='bbox 1110 2035 1193 2072; x_wconf 83' lang='lat' dir='ltr'>quos</span> <span class='ocrx_word' id='word_1_299' title='bbox 1206 2020 1345 2059; x_wconf 78' lang='lat' dir='ltr'>tollebat</span> <span class='ocrx_word' id='word_1_300' title='bbox 1358 2019 1546 2072; x_wconf 75' lang='lat' dir='ltr'>univerfhs,</span> <span class='ocrx_word' id='word_1_301' title='bbox 1556 2022 1617 2074; x_wconf 83' lang='lat' dir='ltr'>qui</span> 
     </span>
     <span class='ocr_line' id='line_1_35' title="bbox 344 2073 848 2113; baseline 0.002 -1"><span class='ocrx_word' id='word_1_302' title='bbox 344 2073 541 2113; x_wconf 79' lang='lat' dir='ltr'>Venerem</span> <span class='ocrx_word' id='word_1_303' title='bbox 555 2074 684 2113; x_wconf 65' lang='lat' dir='ltr'>iecerat.</span> <span class='ocrx_word' id='word_1_304' title='bbox 701 2074 848 2113; x_wconf 71' lang='lat' dir='ltr'>Rn’rz.</span> 
     </span>
    </p>

    <p class='ocr_par' dir='ltr' id='par_1_10' title="bbox 342 2125 1615 2288">
     <span class='ocr_line' id='line_1_36' title="bbox 399 2125 1615 2180; baseline 0.004 -17"><span class='ocrx_word' id='word_1_305' title='bbox 399 2131 473 2166; x_wconf 80' lang='lat' dir='ltr'>ead.</span> <span class='ocrx_word' id='word_1_306' title='bbox 491 2128 514 2165; x_wconf 90' lang='lat' dir='ltr'>l.</span> <span class='ocrx_word' id='word_1_307' title='bbox 527 2143 566 2177; x_wconf 82' lang='lat'>4.</span> <span class='ocrx_word' id='word_1_308' title='bbox 579 2127 822 2180; x_wconf 66' lang='grc' dir='ltr'>Ἐπιθυμίοις)</span> <span class='ocrx_word' id='word_1_309' title='bbox 837 2127 1051 2176; x_wconf 75' lang='grc' dir='ltr'><em>Ἐπιθυμίοιν</em></span> <span class='ocrx_word' id='word_1_310' title='bbox 1073 2126 1305 2180; x_wconf 83' lang='lat' dir='ltr'>potiffimum</span> <span class='ocrx_word' id='word_1_311' title='bbox 1329 2125 1404 2168; x_wconf 84' lang='lat' dir='ltr'>esse</span> <span class='ocrx_word' id='word_1_312' title='bbox 1423 2128 1615 2179; x_wconf 73' lang='lat' dir='ltr'>deszdert&#39;um</span> 
     </span>
     <span class='ocr_line' id='line_1_37' title="bbox 350 2180 1614 2235; baseline 0.003 -16"><span class='ocrx_word' id='word_1_313' title='bbox 350 2182 551 2227; x_wconf 61' lang='lat' dir='ltr'>Venenum,</span> <span class='ocrx_word' id='word_1_314' title='bbox 576 2197 719 2221; x_wconf 83' lang='lat' dir='ltr'>amorem</span> <span class='ocrx_word' id='word_1_315' title='bbox 744 2183 934 2234; x_wconf 78' lang='lat' dir='ltr'>impurum,</span> <span class='ocrx_word' id='word_1_316' title='bbox 958 2182 1034 2222; x_wconf 91' lang='lat' dir='ltr'>hoc</span> <span class='ocrx_word' id='word_1_317' title='bbox 1058 2182 1218 2221; x_wconf 82' lang='lat' dir='ltr'>Luciani</span> <span class='ocrx_word' id='word_1_318' title='bbox 1239 2180 1394 2235; x_wconf 80' lang='lat' dir='ltr'>aliisque</span> <span class='ocrx_word' id='word_1_319' title='bbox 1423 2180 1614 2223; x_wconf 82' lang='lat' dir='ltr'>testimon.</span> 
     </span>
     <span class='ocr_line' id='line_1_38' title="bbox 342 2234 1256 2288; baseline 0 -14"><span class='ocrx_word' id='word_1_320' title='bbox 342 2234 457 2274; x_wconf 87' lang='lat' dir='ltr'>docet</span> <span class='ocrx_word' id='word_1_321' title='bbox 471 2234 497 2273; x_wconf 91' lang='grc' dir='ltr'>Ι.</span> <span class='ocrx_word' id='word_1_322' title='bbox 514 2234 655 2275; x_wconf 83' lang='lat' dir='ltr'>Elsner.</span> <span class='ocrx_word' id='word_1_323' title='bbox 667 2236 712 2274; x_wconf 84' lang='lat' dir='ltr'>ad</span> <span class='ocrx_word' id='word_1_324' title='bbox 724 2235 851 2288; x_wconf 91' lang='lat' dir='ltr'>Apoc.</span> <span class='ocrx_word' id='word_1_325' title='bbox 863 2235 1021 2284; x_wconf 83' lang='lat' dir='ltr'>XVIII,</span> <span class='ocrx_word' id='word_1_326' title='bbox 1039 2249 1096 2283; x_wconf 81' lang='lat'>14.</span> <span class='ocrx_word' id='word_1_327' title='bbox 1112 2236 1256 2276; x_wconf 66' lang='lat' dir='ltr'>Rzrrz.</span> 
     </span>
    </p>

    <p class='ocr_par' dir='ltr' id='par_1_11' title="bbox 395 2288 1615 2342">
     <span class='ocr_line' id='line_1_39' title="bbox 395 2288 1615 2342; baseline 0.002 -14"><span class='ocrx_word' id='word_1_328' title='bbox 395 2292 469 2328; x_wconf 83' lang='lat' dir='ltr'>ead.</span> <span class='ocrx_word' id='word_1_329' title='bbox 481 2290 506 2327; x_wconf 85' lang='grc' dir='ltr'>ι’.</span> <span class='ocrx_word' id='word_1_330' title='bbox 518 2303 555 2337; x_wconf 91' lang='lat'>7.</span> <span class='ocrx_word' id='word_1_331' title='bbox 565 2289 847 2341; x_wconf 66' lang='grc' dir='ltr'>Καταρώμενος)</span> <span class='ocrx_word' id='word_1_332' title='bbox 860 2289 1030 2328; x_wconf 84' lang='lat' dir='ltr'>Verbum</span> <span class='ocrx_word' id='word_1_333' title='bbox 1041 2288 1140 2329; x_wconf 86' lang='lat' dir='ltr'>deest</span> <span class='ocrx_word' id='word_1_334' title='bbox 1149 2288 1232 2342; x_wconf 84' lang='lat' dir='ltr'>post</span> <span class='ocrx_word' id='word_1_335' title='bbox 1243 2291 1284 2328; x_wconf 66' lang='grc' dir='ltr'>το</span> <span class='ocrx_word' id='word_1_336' title='bbox 1298 2303 1432 2341; x_wconf 70' lang='lat' dir='ltr'>›tot-rap.</span> <span class='ocrx_word' id='word_1_337' title='bbox 1441 2289 1615 2332; x_wconf 83' lang='lat' dir='ltr'><strong>GUYET.</strong></span> 
     </span>
    </p>

    <p class='ocr_par' dir='ltr' id='par_1_12' title="bbox 338 2342 1613 2559">
     <span class='ocr_line' id='line_1_40' title="bbox 394 2342 1613 2397; baseline 0.002 -16"><span class='ocrx_word' id='word_1_338' title='bbox 394 2345 468 2382; x_wconf 84' lang='lat' dir='ltr'>ead.</span> <span class='ocrx_word' id='word_1_339' title='bbox 483 2344 506 2381; x_wconf 90' lang='lat' dir='ltr'>I.</span> <span class='ocrx_word' id='word_1_340' title='bbox 526 2343 641 2383; x_wconf 65' lang='lat' dir='ltr'>8.T»¹n›</span> <span class='ocrx_word' id='word_1_341' title='bbox 661 2344 744 2394; x_wconf 71' lang='grc' dir='ltr'>πρὶν</span> <span class='ocrx_word' id='word_1_342' title='bbox 766 2344 968 2394; x_wconf 74' lang='grc' dir='ltr'>ἀστοχίαν</span> <span class='ocrx_word' id='word_1_343' title='bbox 987 2342 1226 2397; x_wconf 68' lang='grc' dir='ltr'>ἐθεράπευεν)</span> <span class='ocrx_word' id='word_1_344' title='bbox 1249 2345 1445 2395; x_wconf 84' lang='lat' dir='ltr'>Apparet,</span> <span class='ocrx_word' id='word_1_345' title='bbox 1467 2347 1509 2382; x_wconf 69' lang='grc' dir='ltr'>τὶ)</span> <span class='ocrx_word' id='word_1_346' title='bbox 1529 2344 1613 2397; x_wconf 69' lang='grc' dir='ltr'>πρὶν</span> 
     </span>
     <span class='ocr_line' id='line_1_41' title="bbox 340 2395 1611 2452; baseline 0.002 -16"><span class='ocrx_word' id='word_1_347' title='bbox 340 2407 430 2436; x_wconf 85' lang='lat' dir='ltr'>cum</span> <span class='ocrx_word' id='word_1_348' title='bbox 445 2395 608 2436; x_wconf 82' lang='lat' dir='ltr'>articulo</span> <span class='ocrx_word' id='word_1_349' title='bbox 620 2397 751 2437; x_wconf 86' lang='lat' dir='ltr'>valere</span> <span class='ocrx_word' id='word_1_350' title='bbox 771 2398 868 2437; x_wconf 86' lang='lat' dir='ltr'>idem</span> <span class='ocrx_word' id='word_1_351' title='bbox 880 2428 891 2446; x_wconf 86' lang='lat'>‚</span> <span class='ocrx_word' id='word_1_352' title='bbox 909 2397 1013 2450; x_wconf 88' lang='lat' dir='ltr'>quod</span> <span class='ocrx_word' id='word_1_353' title='bbox 1029 2397 1278 2437; x_wconf 72' lang='lat' dir='ltr'>Adiefflvum</span> <span class='ocrx_word' id='word_1_354' title='bbox 1288 2400 1500 2450; x_wconf 80' lang='lat' dir='ltr'>praecedens,</span> <span class='ocrx_word' id='word_1_355' title='bbox 1513 2399 1611 2452; x_wconf 79' lang='lat' dir='ltr'>prior</span> 
     </span>
     <span class='ocr_line' id='line_1_42' title="bbox 340 2449 1610 2504; baseline 0.004 -16"><span class='ocrx_word' id='word_1_356' title='bbox 340 2449 415 2489; x_wconf 76' lang='grc' dir='ltr'>διε.</span> <span class='ocrx_word' id='word_1_357' title='bbox 433 2451 548 2501; x_wconf 89' lang='lat' dir='ltr'>idque</span> <span class='ocrx_word' id='word_1_358' title='bbox 572 2451 722 2503; x_wconf 90' lang='lat' dir='ltr'>quidem</span> <span class='ocrx_word' id='word_1_359' title='bbox 748 2451 941 2503; x_wconf 80' lang='lat' dir='ltr'>eleganter</span> <span class='ocrx_word' id='word_1_360' title='bbox 956 2463 1003 2490; x_wconf 84' lang='lat' dir='ltr'>ex</span> <span class='ocrx_word' id='word_1_361' title='bbox 1022 2450 1093 2491; x_wconf 90' lang='lat' dir='ltr'>usu</span> <span class='ocrx_word' id='word_1_362' title='bbox 1113 2451 1294 2504; x_wconf 87' lang='lat' dir='ltr'>loquendi</span> <span class='ocrx_word' id='word_1_363' title='bbox 1310 2451 1610 2502; x_wconf 86' lang='lat' dir='ltr'>apudGraecos</span> 
     </span>
     <span class='ocr_line' id='line_1_43' title="bbox 338 2503 1605 2559; baseline 0.004 -16"><span class='ocrx_word' id='word_1_364' title='bbox 338 2515 418 2544; x_wconf 79' lang='lat' dir='ltr'>non</span> <span class='ocrx_word' id='word_1_365' title='bbox 440 2503 682 2559; x_wconf 85' lang='lat' dir='ltr'>infrequenti.</span> <span class='ocrx_word' id='word_1_366' title='bbox 703 2504 761 2546; x_wconf 85' lang='lat' dir='ltr'>Ita</span> <span class='ocrx_word' id='word_1_367' title='bbox 775 2505 954 2547; x_wconf 85' lang='lat' dir='ltr'>nimirum</span> <span class='ocrx_word' id='word_1_368' title='bbox 970 2503 1093 2548; x_wconf 88' lang='lat' dir='ltr'>solent</span> <span class='ocrx_word' id='word_1_369' title='bbox 1108 2504 1146 2546; x_wconf 92' lang='lat' dir='ltr'>hi</span> <span class='ocrx_word' id='word_1_370' title='bbox 1158 2505 1287 2548; x_wconf 84' lang='lat' dir='ltr'>multis</span> <span class='ocrx_word' id='word_1_371' title='bbox 1308 2505 1499 2549; x_wconf 85' lang='lat' dir='ltr'>adverbiis</span> <span class='ocrx_word' id='word_1_372' title='bbox 1512 2519 1605 2548; x_wconf 87' lang='lat' dir='ltr'>cum</span> 
     </span>
    </p>
   </div>
  </div>
 </body>
</html>
