1730 3326
416 243 475 292 32
726 227 1366 273 LUCIANJI

417 344 493 371 ουκ
514 315 583 371 ἔτι.
609 342 780 387 ωσπερ,
801 320 940 388 οἶμαι,
965 343 1041 371 και
1063 343 1233 407 πυρᾶν,
1230 343 1271 379 ην
1290 344 1352 371 τιν
1373 316 1492 371 αὐτον
1514 320 1553 376 ἐς
1575 318 1668 370 δια·

417 395 565 467 Φορους
584 417 730 467 χωρας
759 397 982 463 ἐμβάλῃς,
1010 395 1167 452 ἄλλως
1184 417 1259 463 μεν
1283 397 1318 445 ὲν
1342 399 1389 458 τ’,νῖ
1411 396 1567 458 πεδινη,
1590 418 1667 445 και

413 472 601 542 βαθεια,
624 494 701 521 και
720 469 975 539 ποτιζομένῃ,
997 493 1073 520 και
1094 474 1264 538 εὐηλίῳ,
1283 493 1358 520 και
1379 493 1441 520 ειν·
1424 493 1573 539 νεμῳ,
1591 492 1667 520 και

413 545 734 618 ἐξειργασμένῃ,
754 544 1048 626 αναᾷυσεται,
1066 549 1262 604 εὐθαλης,
1282 546 1423 612 οἶμαι,
1441 558 1517 596 καὶ
1539 542 1667 615 εὐτρο-

416 633 519 683 Coc,
542 645 618 672 και
637 635 854 682 πολυχους
873 627 1054 700 καρπὸς,
1074 631 1229 678 αλλως
1245 613 1317 672 δε
1308 643 1343 671 εν
1361 620 1431 690 ὄρει
1443 658 1453 674 ,
1468 645 1544 672 και
1565 643 1668 671 υπο-

413 702 518 767 λίθῳ
539 698 691 767 γηδίῳ,
716 696 870 752 αλλως
890 689 967 746 δε
957 718 993 747 εν
1021 696 1226 765 δυσηλίῳ,
1248 698 1404 754 αλλως
1422 688 1498 748 δε
1489 719 1524 747 εν
1547 698 1668 746 ὑπω-
1728 701 1730 703 ’

411 796 523 849 ρεια,
550 796 626 823 και
649 774 778 828 ολως,
808 771 1014 842 διαΞΣορως
1036 776 1131 823 καθ’
1153 772 1355 829 ἔνιαι-τους
1376 796 1538 829 τοπους.
1564 771 1666 822 οιτω

411 852 454 901 δε
476 872 552 898 και
574 872 634 899 τα
654 869 875 917 νοσηματα
896 844 1022 935 παρα
1042 871 1131 903 τους
1152 845 1476 917 ὑποδεξαμενους
1493 847 1666 903 τόποις,

412 919 436 985 ἦ
457 925 637 993 ευίῗορα,
662 949 684 983 η
712 921 914 992 ευτροΞΣα,
937 947 959 982 η
980 923 1147 973 ὲλαττω
1174 929 1385 987 γίγνεται.
1407 947 1524 974 τουτο
1545 946 1666 973 τοιιυν

410 999 644 1071 ὑπερβας
631 1024 648 1049 ο
676 1021 841 1064 πατηρ,
868 1021 944 1049 και
971 1011 1060 1049 ολσν
1088 995 1356 1059 ἀνεξέταστον
1384 992 1666 1050 καταλιπων,

412 1078 526 1131 αξιοι
544 1079 700 1126 πᾶσαν
717 1080 874 1144 μανίαν
894 1098 962 1133 την
986 1076 1020 1124 ἐν
1040 1072 1201 1126 ἅπαντι
1224 1097 1422 1161 σωματι,
1443 1078 1587 1145 ὁμοίαν
1611 1072 1667 1124 εἶ-

330 1164 386 1211 28
414 1175 502 1206 ναι,
524 1175 600 1202 και
619 1175 687 1212 τνν
704 1150 984 1221 θεραπειάν’
963 1173 1062 1209 ισην.
1092 1148 1208 1221 Πρσς
1230 1142 1273 1201 de
1293 1148 1444 1207 τούτοις
1465 1172 1667 1205 τοο-ουτως

411 1223 520 1280 otio-av
534 1265 544 1281 ‚
561 1227 619 1278 ὅτι
632 1250 692 1276 τα
705 1247 928 1290 ’γυναικεια
942 1248 1140 1295 σωματα
1153 1226 1378 1295 πάμπολυ
1393 1250 1471 1277 των
1486 1226 1666 1299 ἀνδρείων

411 1300 662 1387 ὃιαΞΣέρει,ι
646 1325 744 1372 προς
762 1324 806 1352 τε
826 1323 938 1352 voc-ov
959 1299 1182 1390 ὃιαίῖσραν,
1208 1324 1285 1353 και
1307 1325 1406 1372 προς
1423 1300 1666 1391 θεραπείας

409 1380 621 1433 ἐλπίδα,
611 1402 633 1437 η
654 1398 921 1441 απογνωσιν,
949 1370 1078 1448 ραὸιον
1097 1381 1378 1446 καταμαθειν.
1404 1401 1464 1428 τα
1480 1401 1555 1447 μεν
1574 1399 1665 1444 ’γαρ

408 1479 486 1509 των
508 1453 654 1527 ανδρων
679 1452 875 1517 εὐπαγη,
900 1476 977 1504 και
997 1475 1157 1509 ευτονα,
1181 1477 1334 1511 πονοις,
1355 1477 1432 1505 και
1454 1476 1663 1515 κινήσεσι,
1719 1462 1724 1467 ’

407 1587 748 1641 Quemadmodum
767 1619 777 1635 ‚
801 1597 919 1640 puto,
942 1587 1112 1627 triticum
1133 1585 1161 1626 fi
1182 1587 1277 1626 idem
1303 1586 1339 1625 in
1360 1585 1530 1627 diversos
1551 1599 1666 1640 agros
1729 1594 1730 1617 ἰ

404 1650 554 1703 spargas
566 1679 576 1698 ,
595 1649 701 1689 aliter
715 1649 753 1688 in
769 1648 965 1702 campestri
980 1649 1022 1689 &
1038 1647 1253 1701 profundo,
1265 1647 1306 1687 δι
1322 1649 1495 1702 irriguo,
1511 1648 1550 1688 δι
1566 1650 1668 1702 apri-

406 1724 478 1759 co,
507 1711 547 1750 &
564 1711 676 1750 bonis
694 1710 818 1750 ventis
833 1709 1014 1763 opposito
1027 1740 1038 1758 ,
1061 1709 1103 1748 δι
1130 1709 1261 1757 culto,
1281 1708 1501 1759 enascetur3
1522 1709 1663 1750 laetum
1695 1735 1701 1738 -

404 1786 526 1827 puto,
550 1773 591 1814 δι
612 1773 777 1827 pingue,
798 1773 840 1812 δι
855 1771 1000 1812 fruetus
1011 1773 1085 1810 inde
1101 1771 1322 1825 multiplex:
1344 1771 1453 1810 aliter
1476 1781 1605 1810 autem
1626 1772 1665 1812 in
1710 1776 1717 1818 ,’

404 1849 562 1884 monte,
580 1838 621 1877 δι
638 1835 809 1890 lapidoso
823 1837 1006 1888 tenuique
1025 1834 1132 1883 solo;
1151 1834 1258 1874 aliter
1278 1835 1317 1873 in
1335 1846 1404 1880 eo,
1418 1833 1524 1887 quod
1545 1832 1664 1874 solem

403 1913 486 1940 non
505 1899 618 1939 habet
632 1927 643 1946 ,
675 1898 782 1938 aliter
804 1898 851 1937 ad
873 1898 1013 1938 montis
1031 1896 1193 1943 radices,
1218 1896 1259 1935 δε
1282 1895 1320 1934 in
1343 1894 1567 1935 universum
1590 1910 1663 1949 pro

400 1962 580 2003 locorum
602 1960 817 2001 diverfitate
834 1959 1096 2000 diversimode.
1113 1959 1178 1999 Sic
1195 1971 1294 1998 vero
1315 1961 1430 1998 etiam
1448 1959 1575 2000 morbi
1589 1973 1663 2013 pro
1709 1975 1711 1979 ·

400 2024 519 2071 locis,
545 2023 611 2076 qui
632 2035 702 2062 eos
727 2020 953 2074 suscipiunt,
980 2030 1048 2060 aut
1069 2019 1178 2060 facile
1198 2019 1403 2072 augescunt
1427 2033 1472 2061 ac
1488 2022 1665 2063 nutriun-
1701 2071 1704 2075 ,

401 2097 478 2135 tur,
502 2098 572 2126 aut
591 2086 832 2125 minuuntur.
867 2085 959 2124 Hoc
980 2084 1093 2136 igitur
1112 2084 1343 2137 praeteriens
1363 2094 1482 2136 pater,
1505 2098 1550 2126 ac
1572 2087 1663 2126 uni-

401 2147 554 2189 versum
568 2147 854 2200 inexploratum
868 2147 1106 2201 relinquenS,
1124 2145 1291 2199 postulat
1303 2145 1473 2186 furorem
1491 2160 1664 2196 omnem,

400 2211 441 2250 in
463 2222 702 2263 quocunque
718 2208 762 2248 fit
779 2221 945 2262 corpore
957 2239 970 2255 ,
993 2207 1152 2248 similem
1173 2207 1269 2254 effe,
1290 2208 1331 2248 &
1349 2221 1477 2260 parem
1496 2210 1582 2252 eius
1597 2224 1665 2252 cu·

400 2273 602 2312 rationem.
625 2271 777 2310 Praeter
798 2271 891 2311 haec
915 2284 1014 2310 vero
1037 2282 1096 2310 tot
1113 2284 1156 2310 ac
1179 2282 1308 2317 tanta,
1331 2270 1422 2311 illud
1443 2272 1555 2312 etiam
1576 2271 1664 2314 faci-

402 2334 438 2373 le
459 2333 511 2373 est
530 2333 576 2372 ad
594 2333 876 2385 intelligendum
891 2362 901 2379 ‚
919 2344 1086 2384 corpora
1105 2331 1303 2371 muliebria
1316 2361 1329 2377 ,
1351 2331 1514 2371 multum
1537 2346 1559 2372 a
1577 2333 1664 2373 viri·

401 2395 499 2434 libus
522 2393 653 2433 distare
667 2424 677 2440 ,
696 2405 778 2433 tum
805 2394 851 2432 ad
875 2395 1002 2432 morbi
1021 2392 1269 2432 differentiam
1281 2421 1292 2439 ,
1313 2403 1394 2432 tum
1415 2394 1461 2432 ad
1478 2392 1580 2447 spem
1597 2393 1662 2434 vel

401 2454 702 2509 desperationem
722 2455 942 2495 curationis.
968 2455 1152 2495 Virorum
1178 2455 1319 2508 quippe
1337 2467 1505 2508 corpora
1523 2454 1663 2507 solida,

402 2516 584 2567 nervosa,
611 2517 806 2557 laboribus
827 2517 867 2557 &
891 2517 1150 2565 motionibus,
1176 2517 1215 2557 δι
1241 2515 1399 2557 subdiali
1420 2517 1529 2558 νὶἑὶιι
1547 2529 1663 2558 exere
