1730 3326
340 183 1055 243 INAMORES.
1233 214 1326 265 557

53 280 181 339 κριὲὶτν
200 283 343 332 eximie,
364 286 480 326 etiam
502 285 652 339 respicit
671 285 716 325 ad
735 284 989 325 differentiam
1009 285 1172 326 aliorum
1198 290 1326 331 minus

55 339 229 380 fortium.
250 339 305 378 At
331 345 421 378 cum
445 341 491 379 de
514 353 625 379 coma
651 338 774 378 sermo
798 339 874 385 est,
890 340 980 391 quid
997 339 1142 387 obstat,
1159 354 1227 380 cur
1242 357 1324 384 non

55 393 213 445 proprie
231 393 461 445 accipiamus
474 405 546 446 pro
563 391 722 431 studiosa
735 391 1055 432 discriminatione
1070 396 1297 446 capillorum
1310 429 1325 444 ,

55 444 208 498 peffine
221 445 261 484 δι
275 457 344 484 acu
358 447 491 486 crinali
506 446 588 485 fieri
603 445 733 485 solita?
749 446 836 485 Vid.
852 445 970 485 Ovid.
984 446 1069 485 Art.
1085 447 1160 493 111,
1178 462 1264 501 137,
1281 451 1323 492 &

56 508 138 538 not.
155 499 362 538 Burmanni
382 501 428 538 ad
449 499 534 538 Art.
559 499 615 546 11,
630 513 716 552 303.
732 499 831 538 Nam
857 498 923 538 etsi
942 500 1109 551 discrimen
1124 516 1246 554 purum
1262 505 1329 544 vel

57 552 181 603 capitis
204 554 283 604 puri
303 553 353 591 ibi
374 563 483 592 notat
507 553 573 591 sim
604 553 713 592 licem
736 552 907 604 peeiendi
931 554 1178 603 munditiem3
1197 568 1325 597 tamen

58 605 121 644 hic
135 604 225 644 nihil
242 606 419 658 prohibet
440 606 565 646 studio
584 619 644 645 am
665 607 927 646 ornandorum
946 607 1172 658 capillorum
1193 622 1326 650 curam

51 658 240 710 intelligi,
259 672 348 698 cum
373 658 558 710 ἠσκημένη
583 660 748 708 additum
768 661 944 712 adeoque
968 672 1105 711 parum
1132 663 1328 713 intererit,

58 712 234 756 Vertasne
255 714 430 764 eleganter,
447 714 577 761 eximie,
594 726 643 752 an
669 713 942 766 discriminatim:
965 715 1114 753 interim
1140 718 1328 768 posterius

58 766 107 805 ati
118 765 269 805 Graeca
283 768 400 819 magis
414 767 476 806 hic
493 767 544 807 est
559 768 862 806 accommodum.
879 767 1021 806 Rmz,

112 819 192 858 ibid.
207 820 429 870 Ἦσκημένης
442 819 575 873 κόμης)
591 819 706 859 Conf.
720 819 829 873 supra
843 822 889 859 de
902 819 989 859 Salt.
1005 834 1036 861 c.
1055 835 1115 870 27.
1131 823 1279 866 Rmz.

112 876 186 912 ead.
205 874 228 911 l.
249 887 308 925 13.
325 875 418 925 Hoep’
430 872 608 927 Ἡσιόδῳ)
623 875 807 914 Recenset
819 874 952 913 Suidas
966 875 1060 914 inter
1072 876 1228 917 Hesiodi
1242 892 1332 931 ope·

57 939 102 968 ra
115 926 302 979 ’γυναικῶν
319 927 539 982 κατάλογος
555 929 588 968 ἐν
604 928 758 974 βιβλίοις
782 927 823 977 ε’,
838 941 918 981 quo
930 927 1081 981 respicit
1093 930 1155 970 hic
1174 931 1326 973 Noster.

59 981 219 1021 SOLAN.

115 1035 194 1073 ibid.
208 1033 460 1088 Κατάλογον)
483 1033 568 1087 Qui
595 1033 867 1074 inscribebatur
884 1032 989 1074 ν’νοίαι.
1008 1035 1071 1075 De
1093 1049 1173 1090 quo
1191 1039 1267 1078 viri
1284 1040 1333 1080 cl.

59 1087 165 1129 Dan.
179 1087 357 1128 Heinsius
372 1089 411 1128 &
421 1087 450 1127 Ι.
467 1088 656 1128 Meursius
668 1089 712 1127 ad
728 1088 882 1127 Hefiod.
895 1088 1036 1141 Tangit
1049 1090 1124 1157 ipse
1138 1091 1332 1133 Lucianus

60 1140 199 1182 differt.
215 1155 302 1182 cum
318 1141 473 1181 Hesiod.
484 1142 543 1182 Sic
557 1143 596 1180 in
611 1142 760 1194 Lapith.
772 1142 812 1180 ‘H
829 1143 881 1182 οἵη
899 1144 989 1182 πότ’
1001 1145 1046 1196 ἄρ
1059 1143 1142 1197 ἦγε.
1155 1146 1334 1188 BOURD.

115 1198 188 1235 ead.
203 1196 226 1235 l.
242 1209 299 1243 14.
311 1196 386 1234 Τῶν
401 1197 579 1247 ὀμμάτων
594 1194 632 1235 αἱ
645 1196 774 1250 βολαὶ)
789 1196 849 1237 Sic
866 1195 949 1237 infr.
965 1210 1047 1251 cap.
1067 1213 1080 1238 ι
1093 1212 1124 1251 5.
1142 1200 1331 1243 Aristaen.

60 1248 178 1303 Epist.
199 1263 228 1288 1.
241 1250 415 1291 BOURD.

116 1303 196 1342 ibid.
210 1303 376 1354 Τακερῶς
389 1303 667 1357 ἁνυγροιίιόντο)
683 1303 851 1357 Alciphr.
864 1303 881 1343 Ῑ
893 1335 904 1353 ,
918 1305 986 1358 Ep.
1003 1305 1051 1344 28
1061 1336 1070 1353 ‚
1087 1309 1239 1360 τακερὶν
1250 1309 1334 1354 βλέ-

60 1371 146 1398 πεις
159 1356 336 1407 βλέμμα,
352 1357 419 1396 ubi
434 1357 560 1410 Bergi.
584 1358 691 1410 plura
708 1358 752 1398 de
768 1358 873 1397 molli
895 1359 959 1398 illo
976 1360 1148 1413 adspefhi
1162 1392 1173 1407 ,
1191 1362 1276 1402 licet
1290 1364 1333 1403 il-

59 1410 128 1452 lud
148 1412 307 1460 βλέμμα
321 1410 531 1465 suspecium
547 1412 683 1451 habeat
694 1442 706 1460 ‚
721 1412 762 1452 &
777 1413 867 1452 eiici
886 1413 989 1453 velit.
1004 1413 1120 1456 Conf.
1137 1429 1227 1455 mox
1249 1430 1332 1471 cap.

66 1479 117 1514 14
132 1465 156 1504 f.
173 1464 317 1504 RnTz.

116 1522 189 1558 ead.
212 1520 236 1557 l.
257 1532 316 1570 15.
337 1518 536 1570 Λυκάμβου
552 1518 745 1572 θυγατρὶ)
766 1520 970 1560 Neobulen
993 1521 1180 1574 designat,
1201 1523 1335 1564 Archi·

29 1599 31 1609 .
60 1572 164 1613 lochi
179 1572 356 1611 amicam.
373 1574 627 1624 Vid.’A7ro:pp.
643 1585 676 1612 c.
698 1587 710 1610 1
730 1575 771 1614 &
787 1588 821 1616 2.
835 1574 994 1615 SOLAN.

117 1627 207 1679 Pag.
225 1627 311 1666 260.
324 1628 347 1665 l.
362 1641 393 1679 5.
409 1627 622 1679 Βουφάγος)
634 1627 754 1673 Sunt,
768 1628 834 1680 qui
847 1629 1054 1668 Herculem
1068 1628 1126 1668 bis
1140 1630 1331 1684 integrum

62 1680 264 1721 devorasse
286 1681 429 1720 bovem
454 1680 633 1720 scribunt.
655 1680 779 1720 Semel
799 1683 900 1732 apud
925 1683 1087 1722 Lindum
1111 1685 1268 1732 urbem,
1291 1688 1334 1726 &

62 1734 204 1774 iterum
218 1735 317 1787 apud
327 1734 515 1788 Dryopas
527 1735 829 1774 Theodamantis
846 1736 1001 1775 bovem.
1015 1736 1164 1776 Callim.
1182 1740 1334 1790 Hymn.

65 1788 119 1828 εἰς
129 1785 282 1840 Ἀρτεμ.
300 1788 504 1836 fabulatur,
519 1789 729 1828 Herculem
742 1790 814 1828 iam
830 1790 867 1827 in
882 1789 991 1829 Deos
1003 1791 1163 1830 relatum
1175 1822 1185 1837 ,
1201 1794 1338 1833 nihilo-

65 1842 192 1882 minus
205 1843 440 1895 inexplebilis
453 1843 644 1882 edacitatis
657 1842 750 1882 esse:
765 1865 811 1872 -
833 1839 869 1881 οὗ
882 1846 960 1898 ’γὰρ
977 1843 1155 1884 Uettio-w?
1169 1845 1336 1897 ἁέηφω-

64 1897 168 1949 γίης,
192 1895 250 1936 ὅτι
272 1896 301 1936 οἱ
320 1898 431 1946 παρὰ
453 1896 564 1937 vnsbc
587 1897 696 1936 ἐκείνη
712 1896 764 1947 [Ξῖ
785 1897 873 1936 ποτ’
894 1899 1119 1950 ἀροτριέιοντι
1143 1897 1339 1941 συνήντετο

66 1949 338 1999 Θειοὲάμαντι.
362 1953 475 1990 Tanta
495 1962 566 1989 erat
582 1951 729 2003 ingluvie
741 1980 752 1997 .,
768 1963 917 2003 quanta,
934 1968 1006 1991 cum
1015 1953 1180 2004 scinderet
1191 1971 1310 1995 arvum
1320 1986 1334 2005 ‚

67 2004 224 2045 Occurrit
242 2006 432 2057 Dryopum
458 2005 583 2044 duelori
616 2005 867 2044 Thiodamanti.
896 2006 1042 2045 Exinde
1070 2007 1204 2046 mansit
1234 2011 1337 2063 apud

66 2058 224 2098 Lindios
243 2058 356 2106 ritus,
373 2069 416 2097 ut
429 2059 499 2098 bos
512 2069 639 2098 arator
653 2059 813 2098 Herculi
827 2072 1088 2111 cognomento
1100 2061 1258 2105 βουθσίνα
1273 2065 1343 2103 im-

66 2112 251 2159 moletur,
265 2126 352 2152 cum
368 2113 486 2152 multa
499 2113 665 2152 dirarum
680 2113 965 2166 imprecatione.
980 2114 1148 2153 Philostr.
1163 2117 1272 2169 Virg.
1286 2118 1332 2157 L.

71 2180 108 2206 2.
121 2165 292 2205 Laetam.
309 2166 404 2212 L.1,
419 2180 500 2220 cap.
517 2179 577 2207 21.
593 2167 737 2206 COGN.
760 2166 972 2207 Philostrat.
993 2168 1340 2212 tabul.Theodam.

0 2246 1 2266 3
68 2220 244 2260 BOURD.
267 2219 529 2260 Carnivorum
547 2220 656 2260 fuisse
676 2221 881 2260 Herculem
894 2251 906 2269 ,
926 2222 1079 2261 tradunt
1096 2223 1136 2262 δε
1156 2224 1228 2261 alii.
1246 2226 1283 2263 V
1290 2226 1339 2267 id.

68 2273 279 2313 Aelian‚v.
300 2275 352 2313 H.
375 2273 412 2323 1,
431 2289 500 2323 24,
522 2275 622 2313 unde
645 2274 685 2314 δι
708 2278 932 2329 παμφάγος
951 2275 1114 2327 Orpheo
1133 2278 1169 2315 in
1186 2278 1340 2329 hymno

68 2328 180 2366 aiunt
203 2327 356 2366 dietum.
384 2328 559 2367 Βουθοίνης
580 2328 693 2367 etiam
716 2329 862 2380 vulgo,
888 2330 979 2381 quia
1007 2329 1119 2369 semel
1144 2331 1337 2383 integrum

68 2381 371 2421 Theodamantis
385 2381 593 2421 comederit
608 2382 765 2422 bovem.
783 2383 851 2422 Lil.
872 2382 1035 2435 Gyrald.
1051 2384 1125 2423 282
1142 2384 1167 2423 f.
1181 2386 1269 2425 Viti.
1283 2387 1341 2426 A·

63 2434 217 2488 ‘pollod
231 2449 268 2487 p.
285 2449 327 2487 53
342 2436 388 2475 Β.
405 2437 455 2475 60
470 2436 552 2475 AB.
567 2435 726 2475 SOLAN.

124 2491 198 2529 ead.
211 2490 235 2529 l.
249 2489 285 2531 6.
302 2487 391 2532 Ταῖς
402 2489 605 2542 anamais)
621 2489 784 2545 Legend.
798 2489 941 2533 Athen.
952 2490 1016 2534 lib.
1035 2504 1066 2533 1.
1078 2492 1253 2537 Bonan.
