1730 3326
381 199 475 263 378
585 199 1452 249 ANNOTATIONES

378 289 459 340 609
472 287 513 328 δι
530 287 628 336 610,
648 289 714 328 ubi
735 290 773 327 in
787 300 991 341 utramque
1005 300 1150 340 partem
1171 292 1328 340 Κρονικδς
1347 288 1463 338 νόμος,
1479 288 1526 329 de
1540 289 1648 342 lege}

379 354 483 392 quae
496 343 628 394 potior
641 343 693 382 est
703 373 715 392 ‚
731 343 771 381 δε
788 343 948 392 Κρονικόν
961 343 1006 381 de
1017 344 1176 394 obsoleto,
1193 345 1326 396 inepto:
1346 343 1451 396 quod
1465 344 1502 382 in
1515 343 1646 382 libello

380 395 428 434 de
447 395 627 448 Ambigg.
650 398 695 435 tit
730 396 907 449 Antiquos
926 397 998 434 iam
1020 397 1191 436 indicavi.
1206 397 1279 436 Sed
1298 398 1340 438 δι
1353 395 1488 437 confer
1508 397 1587 436 Bos
1606 395 1648 436 &

380 448 597 489 Hemsterh.
611 451 658 489 ad
673 451 828 490 Lucian.
842 451 945 502 Nigr.
957 463 990 489 c.
1005 464 1022 501 3
1038 449 1063 489 f.
1077 451 1222 489 Rfflrz.

438 503 531 554 Pag.
543 518 607 555 43.
623 505 647 543 l.
663 519 677 543 1
693 518 719 542 ι.
732 503 825 565 Ἐὶιὼ
838 503 881 542 <se
901 501 1061 542 ἐνταῦθα
1079 503 1149 542 ἤδη
1164 500 1275 553 ὑμᾶς,
1291 497 1317 542 ὦ
1332 504 1466 550 Δελφοὶ
1477 534 1489 550 ,
1501 502 1565 542 ἐπὶ
1579 501 1649 541 τοῦ
1686 499 1688 502 ’

381 551 501 595 ati-toi}
525 556 633 596 ‹se'ovf
658 556 715 596 νῦν
737 572 789 606 τῳ
810 556 985 609 λογισμῷ
1004 559 1231 609 γενομένους.
1255 556 1351 608 ἀξιῶ
1373 557 1456 608 περὶ
1474 556 1543 595 τῶν
1557 557 1652 596 τότε

383 613 581 660 πρακτέων
590 624 655 660 μοι
670 611 972 662 συμβουλεῦσαι)
994 610 1192 662 Perperam
1206 611 1298 650 haec
1316 610 1429 649 vertit
1443 611 1651 663 interpres:

384 663 535 703 Proinde
555 678 657 711 tunc,
677 681 697 704 0
717 665 865 716 Delphi,
881 678 954 703 cum
975 664 1010 702 ἱη
1025 667 1134 704 eodem
1147 678 1235 703 metu
1256 665 1454 716 cogitatione
1471 664 1653 716 verfiuifi-

386 716 442 755 tis.
452 730 553 769 puto,
567 734 630 756 vos
643 718 725 756 mihi
735 719 774 755 de
786 719 880 756 rebus
898 730 969 756 tum
982 720 1118 769 agendis
1135 719 1304 768 confilium
1314 717 1446 769 deae'ff.
1462 717 1565 756 Nihil
1579 729 1656 770 po·

384 772 458 809 tuit
475 784 495 810 a
517 783 643 810 mente
656 771 849 820 loquentis
863 771 1026 810 alienius
1044 770 1234 822 proficisci
1256 772 1325 810 hac
1343 781 1421 809 tam
1443 770 1552 810 stulta
1568 782 1657 810 ver·

387 823 507 863 stone.
523 825 654 864 Redde
663 855 675 871 ,
691 825 767 877 Ego
780 841 856 864 vero
868 825 922 863 lu'c
937 840 1011 873 vos,
1023 824 1252 877 Delphenses,
1266 825 1323 878 qui
1336 839 1426 864 nunc
1437 825 1561 863 animis
1571 839 1657 863 eun·

385 880 458 916 dem
474 878 569 917 illum
589 892 710 918 metum
719 879 857 931 potestis
875 879 1041 931 concipere
1051 909 1064 926 ,
1077 880 1174 918 velim
1195 879 1276 918 mihi
1301 879 1472 932 confilium
1492 880 1657 932 vestrumj

387 933 473 986 quid
483 946 552 971 tum
568 934 735 985 agendum
749 931 945 984 mihisuerit
953 962 966 979 ,
980 933 1188 985 impertiatis.
1203 931 1308 973 IENS.

442 988 514 1025 ead.
528 987 550 1024 l.
568 1000 581 1024 1
592 1001 625 1039 3.
636 985 896 1037 Ἀφυλέικτως)
912 986 1054 1026 Forsan
1073 985 1309 1037 ἀφύλακτος.
1325 985 1484 1026 SOLAN.

447 1040 536 1093 Pag.
552 1054 614 1088 44.
629 1041 652 1079 I.
667 1054 703 1086 7.
717 1040 856 1090 Γυμνὴν
870 1039 940 1080 iis„
957 1038 1116 1093 ὑπέχειν
1131 1039 1195 1080 τὴν
1210 1040 1385 1093 σφαγὴν)
1407 1040 1514 1080 Pater
1524 1037 1664 1079 adscri·
1728 1055 1730 1090 f

389 1092 462 1147 psit
474 1095 628 1148 γυμνόν.
644 1094 703 1134 Sic
716 1106 818 1133 certe
844 1094 928 1134 vult
942 1094 982 1134 δι
998 1093 1122 1134 versio
1135 1094 1234 1147 apud
1250 1093 1475 1134 Basileenses
1486 1124 1497 1141 ‚
1512 1095 1625 1132 nudus
1637 1107 1663 1131 a
1728 1120 1730 1145 3

392 1149 537 1187 cruentis
557 1148 687 1187 civibus
709 1151 838 1187 caedem
855 1147 1057 1201 sustinerem.
1081 1147 1307 1188 Benediftus
1319 1148 1601 1195 contumacior,
1619 1161 1662 1186 ac

392 1202 510 1255 potius
525 1203 650 1240 nudam
668 1202 972 1254 caedcmfhstinere.
993 1201 1162 1256 Opinon,
1182 1214 1344 1241 mentem
1361 1201 1514 1241 Luciani
1533 1199 1666 1248 fuisse,

390 1258 509 1308 potius
525 1269 634 1293 autem
647 1256 772 1294 nudum
789 1255 856 1294 iam
868 1256 1021 1308 iugulum
1032 1257 1198 1307 porrigere
1208 1286 1219 1303 ‚
1237 1267 1281 1294 ut
1293 1255 1380 1294 alibi
1394 1256 1480 1295 dicit
1500 1250 1666 1307 ὑπέχειν

394 1309 464 1348 ’τὴν
479 1308 609 1360 χεῖρα.
625 1307 770 1348 GRON.
788 1309 949 1348 Minime
963 1322 1051 1348 cum
1072 1309 1282 1349 Gronovio
1302 1321 1407 1362 patre
1427 1311 1570 1362 ’γυμνὴν
1592 1319 1666 1359 pro
1687 1306 1692 1310 '
1725 1339 1730 1356 4

397 1363 544 1421 νγυμνὴν
560 1363 745 1413 legerem,
769 1362 836 1414 qui
857 1362 903 1401 ad
927 1362 1143 1402 versionem
1160 1364 1310 1414 potius,
1331 1375 1449 1414 quam
1463 1362 1509 1401 ad
1528 1373 1667 1401 verum
1727 1371 1730 1395 1

394 1415 542 1455 tensum
565 1416 716 1455 Graeca
739 1417 1063 1456 accommodavit.
1096 1417 1216 1457 Reae
1240 1416 1393 1468 quidem
1420 1417 1669 1468 interpretem
1728 1465 1730 1468 .

397 1468 645 1510 Benedif'tum
663 1470 921 1522 reprehendit,
934 1471 1039 1523 quod
1053 1470 1249 1509 reddiderit
1260 1499 1273 1517 ‚
1287 1473 1413 1508 nudam
1430 1468 1668 1521 caedemsusti-
1728 1499 1730 1502 .

397 1539 491 1572 ncre‚·
504 1523 564 1562 sed
578 1536 702 1575 neque
714 1527 825 1563 nudus
837 1526 965 1563 caedem
972 1524 1164 1576 sustinerem
1176 1524 1430 1563 commodum
1450 1523 1510 1562 hic
1522 1522 1669 1562 sensum
1727 1551 1730 1558 .

396 1577 508 1618 facit:
522 1577 654 1631 σφαγὴ
671 1579 772 1617 enim
783 1607 793 1625 ‚
808 1589 850 1616 ut
863 1577 965 1617 re&e
980 1577 1163 1618 GronOV.
1176 1577 1278 1617 filius
1290 1578 1340 1616 ait
1351 1608 1362 1626 ‚
1377 1577 1441 1616 hic
1452 1577 1606 1628 iugulum
1624 1575 1671 1615 st-
1727 1587 1730 1593 ⁴

398 1631 578 1684 gnificat,
600 1632 676 1671 vid.
691 1631 909 1671 testimonia
922 1631 1033 1683 supra
1048 1642 1181 1671 notata
1200 1632 1245 1670 ad
1257 1631 1512 1682 Tyrannic.c.
1532 1643 1591 1683 13,
1605 1629 1672 1669 ad·
1727 1659 1730 1666 Α

401 1698 530 1738 eoque
544 1688 668 1724 nudum
686 1686 840 1737 iugulum
850 1688 1024 1737 praebere,
1040 1686 1146 1737 quod
1167 1686 1203 1724 in
1219 1684 1434 1724 versionem
1451 1685 1600 1736 recepi,
1615 1696 1674 1723 re-

401 1738 463 1778 &e
478 1738 636 1787 dicitur3
653 1751 723 1778 nec
739 1752 838 1791 opus
851 1739 924 1787 est,
945 1750 1050 1778 totus
1065 1740 1186 1778 homo
1199 1738 1252 1778 ob
1267 1739 1301 1776 id
1322 1738 1366 1777 sit
1379 1738 1523 1777 nudus:
1543 1737 1593 1777 fic
1605 1752 1673 1776 nu·
1727 1761 1730 1772 ι

404 1794 484 1832 dam
504 1793 660 1833 cervicem
681 1795 831 1843 praebere
848 1804 943 1831 nota
963 1793 1122 1833 locutio.
1143 1793 1191 1832 Et
1213 1792 1394 1844 quamvis
1413 1793 1541 1830 nudum
1559 1791 1676 1831 bonis
1727 1814 1730 1826 ι

401 1845 607 1898 spoliatum
625 1848 718 1886 velis
732 1846 957 1899 intelligere,
969 1847 1085 1899 quiid
1103 1860 1152 1886 ex
1167 1847 1236 1885 hac
1249 1846 1580 1898 argumentatione
1594 1845 1675 1884 col-

404 1900 523 1953 ligas?
538 1900 585 1940 Et
597 1901 689 1953 quid
701 1913 815 1953 opus,
828 1900 857 1939 fi
873 1900 1026 1952 vulgata
1041 1900 1082 1939 &
1098 1900 1184 1939 sana
1195 1899 1248 1939 est
1262 1899 1302 1938 &
1313 1898 1511 1939 constans?
1522 1899 1676 1939 Rmrz.
1728 1927 1730 1930 ι

406 1953 544 1994 Laudo
558 1967 639 1994 non
653 1965 838 1994 mutatam
855 1954 1093 1994 constantem
1113 1954 1315 1994 leffionem
1325 1983 1340 1999 ,
1354 1965 1423 1994 nec
1437 1953 1678 1993 immutatam

409 2007 627 2048 versionem
642 2021 765 2047 meam
788 2007 1040 2061 reprehendo.
1057 2008 1128 2048 Sed
1144 2007 1232 2059 quid
1254 2007 1411 2046 viderim
1423 2036 1435 2052 ,
1451 2007 1614 2047 indicare
1630 2006 1677 2046 li-

409 2074 482 2102 cet.
499 2062 648 2115 Nempe
665 2061 830 2101 sumtum
844 2075 864 2101 e
879 2062 977 2100 libro
992 2061 1173 2114 putabam
1187 2063 1332 2113 ’γυμνὸν
1347 2060 1437 2100 illud
1450 2059 1679 2101 Gronovia-

409 2128 506 2155 num
518 2146 530 2164 ‚
547 2115 653 2168 quod
673 2117 785 2156 etiam
807 2115 845 2154 in
861 2115 1128 2167 Hagenoensis
1146 2114 1375 2166 exemplaris
1387 2115 1578 2167 margine,
1593 2127 1676 2167 quo

411 2169 452 2208 in
467 2170 754 2223 interpretando
775 2168 865 2209 usus
885 2168 988 2216 sum,
1011 2180 1239 2209 annotatum
1259 2167 1523 2208 observabam.
1544 2168 1680 2220 Itaque

415 2222 573 2275 σφαγὴν
587 2221 750 2276 ὑπέχειν
769 2223 918 2275 accepi,
942 2233 985 2263 ut
1003 2222 1123 2270 δίκην,
1141 2223 1332 2273 τιμωρίαν,
1345 2221 1512 2268 κόλασιν,
1528 2218 1678 2262 εὐθύναις

413 2273 590 2330 ὑπέχειν.
610 2277 734 2317 Valde
758 2277 849 2316 mihi
866 2276 1051 2316 familiare
1068 2277 1142 2316 effe
1165 2288 1344 2326 peccare,
1365 2277 1476 2315 novi.
1501 2276 1575 2315 Hic
1597 2287 1682 2315 non.

415 2330 527 2370 valde
548 2343 750 2384 peccatum
770 2344 792 2371 a
814 2343 875 2370 me
900 2329 973 2371 effe
987 2361 1001 2377 ,
1018 2331 1134 2384 aequi
1157 2330 1357 2378 homines,
1377 2328 1511 2382 spero,
1532 2329 1679 2369 iudica-

417 2383 526 2424 bunt.
542 2385 672 2424 GESN.

475 2439 583 2477 ead.l.
599 2437 633 2477 8.
648 2440 702 2478 Ἐν
724 2437 949 2492 ὀφθαλμοῖς)
971 2436 1127 2478 Gaudet
1150 2437 1222 2478 hac
1236 2436 1434 2477 locutione
1454 2436 1615 2476 Homer.
1632 2445 1682 2476 ut

416 2488 520 2533 niad.
533 2494 562 2531 A
570 2522 584 2544 ,
599 2491 689 2548 587,
699 2490 757 2535 Μή
771 2506 815 2535 σε
825 2522 838 2544 ,
852 2493 966 2545 φίλην
977 2492 1059 2546 περ’
1076 2490 1223 2542 έοῦσαν,
1239 2491 1272 2534 ἐν
1283 2488 1522 2543 ὀφθαλμοῖσιν
1531 2489 1681 2541 ἴδωμαι
