1730 3326
361 173 456 231 604
540 170 1054 219 ANNOTATIONES
1088 173 1160 218 IN
1194 172 1467 221 AMORES.

360 272 401 300 ta
413 273 530 312 opera
545 259 731 300 eiusmodi
745 260 910 301 absurdis
923 261 1152 313 hyperbolis
1163 273 1336 302 utuntur.
1346 263 1406 302 Sic
1420 259 1554 302 Alexis
1565 273 1632 315 ap:

361 314 599 408 ἓξὲεὲὲγτῖῑ,
613 328 699 368 pag.
717 329 807 364 224,
826 331 882 355 eos
894 316 944 354 ait
954 316 1138 368 supercilia
1144 316 1256 369 supra
1268 318 1391 370 capitis
1405 318 1556 356 verticem
1568 319 1632 354 ha-

418 425 491 461 ead.
508 422 533 462 l.
550 437 584 474 3.
610 423 795 473 Ἐρωτικὶς
808 422 888 475 ‘7³23’
902 415 953 470 fir,
973 422 1166 473 εἳτιςπες,
1188 422 1255 462 καὶ
1274 423 1290 462 ὃ
1306 422 1527 476 Σωκράτης)
1547 420 1634 475 Ipse
1708 434 1709 437 ’

363 475 539 516 Socrates
554 477 656 529 apud
672 475 882 515 Lucianum
895 476 934 514 in
948 477 1142 516 Auctione
1153 476 1482 529 philosophorum,
1493 477 1634 515 orasse-

365 528 507 582 ραστῆς
521 530 612 580 εἰμι,
632 529 698 568 καὶ
710 532 818 575 σοφὸς
832 531 887 567 τὰ
899 530 1063 581 ἐρωτικὰ.
1085 530 1263 570 Mnus.
1288 530 1360 570 Sed
1371 530 1521 576 confer,
1535 542 1635 583 quae

365 583 485 623 modo
500 584 547 622 ad
561 597 594 623 c.
606 596 656 633 49
669 596 725 634 pr.
750 583 856 622 dieta.
873 583 965 622 Item
980 596 1080 638 quae
1098 585 1144 622 ad
1156 596 1190 623 c.
1209 597 1266 636 51.
1287 584 1432 624 Rmrz.

420 639 494 676 ead.
502 638 526 676 l.
539 638 575 676 6.
594 635 691 677 Ου’ὃὲ
705 635 810 690 γᾰςὸ
826 637 1039 687 Πάτροκλος
1055 635 1120 677 ὑπ’
1131 638 1343 689 Ἀχιλλέως
1360 635 1567 691 ἠγαπᾶτο)
1577 635 1635 676 Si-

366 691 503 730 militer
519 691 706 730 Martialis
720 691 783 730 lib.
806 689 859 729 Xl
875 720 886 738 ‚
907 691 976 743 Ep.
991 706 1043 740 44
1055 722 1066 739 ‚
1086 693 1258 730 Aeacidae
1270 693 1384 743 potior
1398 693 1483 731 levis
1505 692 1635 731 amicus
1713 724 1717 731 .

362 758 446 784 erat.
468 744 565 784 Aliis
582 744 770 790 Achilles,
786 743 953 783 Patrocli
967 747 1019 784 τέι
1032 745 1215 785 masnade.
1235 746 1420 786 MENAG.

420 801 495 837 ead.
510 799 535 838 l.
551 797 587 838 8.
605 798 819 851 Δέγμενος)
836 798 997 837 Homer.
1011 798 1052 838 Il.
1067 803 1078 836 1
1093 830 1105 847 ,
1131 813 1214 851 ¹91·
1235 799 1395 838 SOLAN.

419 854 495 891 ead.
509 853 532 891 l.
543 867 580 906 9.
593 854 763 891 Μεσίτης
778 849 906 904 Morsu)
924 852 1024 904 Lege
1034 866 1195 902 μεσιτις.
1209 852 1380 893 GUYET.
1394 852 1458 892 An
1468 852 1638 902 μεσίτις;

364 906 548 946 MENAG.
559 904 799 946 Politiffimus
808 905 1011 958 Menagius
1021 907 1195 946 emendat
1203 908 1364 956 μεσίτις.
1374 906 1480 946 Nihil
1494 907 1637 946 verius.

366 960 489 1013 Supra
504 973 535 1000 c.
552 974 617 1009 27,
632 960 768 1008 φιλίας
784 960 930 1007 μεσίτου
951 960 1143 1011 τράπεζαν
1158 961 1414 1012 παραθέμενοι.
1433 961 1542 999 IENS.
1555 957 1640 998 ’Με-
1718 970 1724 1014 ᾖ

368 1014 467 1054 σίτις
478 1013 576 1054 Cod.
590 1013 661 1054 Ms.
675 1013 753 1054 Ox.
767 1013 809 1052 &
819 1015 891 1052 W.
905 1014 962 1052 uti
979 1015 1180 1054 emendare
1196 1013 1347 1054 iusserat
1360 1014 1576 1068 Menagius.
1593 1013 1639 1053 In
1720 1056 1722 1058 ,

367 1067 551 1108 omnibus
561 1069 670 1120 impr.
680 1067 852 1118 μεσίτης,
866 1080 994 1116 prave.
1015 1068 1173 1108 SOLAN.

423 1124 496 1161 ead.
506 1122 529 1160 l.
546 1136 560 1161 1
570 1137 605 1162 2.
615 1121 738 1174 Μηρῶν
747 1120 841 1174 &c.)
851 1121 1006 1174 Tragici
1016 1121 1222 1174 cuiuspiam
1237 1121 1458 1162 versiculus.
1471 1121 1644 1162 GUYET.‘

369 1175 525 1228 Tragici
539 1175 747 1227 cuiuspiam
761 1185 827 1214 aut
840 1174 992 1215 Comici
1004 1176 1224 1216 versiculus.
1241 1176 1420 1216 MENAG.
1433 1175 1642 1228 (lambiens
1723 1218 1727 1227 1

368 1230 471 1268 enim
488 1230 658 1270 trimeter
679 1228 755 1276 est,
775 1228 856 1268 sive
879 1227 1062 1270 senarius:
1091 1243 1178 1270 nam
1194 1232 1362 1270 Καλλίων
1380 1230 1471 1270 facit
1489 1230 1640 1268 initium

371 1281 506 1323 versus
524 1282 722 1336 sequentis.
734 1282 901 1336 Rerrz.)
915 1283 1068 1336 Neque,
1082 1284 1158 1324 hoc
1172 1286 1273 1324 unde
1285 1284 1343 1332 sit,
1355 1283 1446 1330 scio,
1461 1295 1528 1323 aut
1547 1282 1642 1323 scire

374 1336 563 1377 allaboro.
587 1336 705 1377 Certe
718 1350 797 1376 non
812 1337 1080 1377 Homericum.
1106 1337 1182 1378 Adi
1203 1349 1330 1377 tamen
1347 1337 1445 1378 Plut.
1467 1351 1579 1390 ¹337,
1603 1349 1640 1376 2.

370 1390 549 1431 Socrates
562 1391 662 1443 apud
672 1391 975 1444 Xenophontem
995 1392 1032 1430 in
1047 1397 1180 1442 Συμπ.
1195 1392 1359 1431 amicum
1373 1392 1545 1438 Achillis,
1561 1401 1642 1430 non

372 1444 570 1492 amasium,
586 1444 695 1485 fuisse
713 1446 851 1497 probat
861 1458 943 1498 pag.
962 1459 1049 1498 523,
1060 1445 1084 1485 l.
1094 1460 1145 1495 40
1159 1446 1217 1485 ed.
1233 1445 1361 1497 Steph.
1375 1445 1644 1498 Apollodorus

371 1499 485 1538 etiam
500 1499 662 1539 Achillis
675 1498 858 1538 amasium
874 1509 993 1539 vocat
1011 1499 1080 1545 111,
1095 1514 1129 1552 p.
1144 1513 1253 1552 m.97
1266 1500 1311 1540 Β.
1330 1499 1488 1539 SOLAN.

424 1557 499 1592 ead.
513 1555 536 1592 l.
556 1567 614 1607 13.
625 1553 862 1615 Κωμαστὲιξ)
876 1553 969 1593 Vox
985 1552 1037 1592 est
1048 1553 1302 1606 Eidylliorum
1314 1552 1563 1606 scriptoribus
1575 1551 1646 1592 uss·
1725 1577 1730 1596 ·.

369 1606 564 1654 tatiflima,
585 1621 657 1660 pro
681 1608 750 1655 his,
772 1621 837 1660 qui
863 1619 979 1647 cantu
1003 1607 1138 1660 puellis
1159 1608 1420 1656 blandiuntur,
1442 1608 1485 1648 δι
1508 1619 1644 1647 earum

374 1673 547 1700 amorem
559 1673 729 1715 captant.
743 1662 945 1702 Theocrit.
961 1662 1100 1714 Eidyll.
1120 1677 1152 1715 3.
1168 1661 1313 1702 COGN.
1340 1662 1409 1702 Ille
1426 1673 1529 1703 certe
1543 1660 1645 1713 apud
1726 1698 1730 1703 .

371 1714 626 1755 Theocritum
645 1715 758 1766 Idyll.
784 1730 803 1769 3
826 1715 1030 1767 κωμαστὴς
1051 1716 1301 1769 Amaryllidis
1318 1729 1495 1758 amorem
1513 1725 1645 1770 aperte

371 1781 461 1822 prae
475 1768 512 1809 se
526 1768 611 1810 fert.
631 1769 762 1810 stis.

818 2073 1195 2115 ERRATA.

484 2152 574 2206 Pag.
595 2165 684 2206 ²43·
697 2152 722 2192 I.
741 2164 797 2203 17.
811 2151 1013 2202 ὂνοιμέισειε
1026 2181 1040 2198 ,
1061 2151 1086 2190 l.
1105 2149 1312 2201 ὀνομάσειε.

483 2207 575 2261 Pag.
596 2208 684 2248 262.
696 2206 770 2248 l.-6,
782 2207 1043 2254 ἀπαναστὰς,
1062 2205 1089 2247 1.
1110 2203 1301 2247 ἕποιναστ.
