1730 3326
180 204 278 250 IN
345 199 1088 248 ALEXANDRUM.
1190 209 1286 266 429

22 303 110 332 nem
137 289 332 330 servamus
359 302 449 328 cum
478 288 780 330 accuratioribus
808 288 1097 338 Grammaticis,
1122 289 1287 342 utsupra

23 345 96 384 iam
111 344 283 383 diximus.
296 343 442 382 Rmz.

81 401 155 436 ead.
176 398 199 436 l.
216 411 273 436 10.
285 395 573 436 Ἀναπλεύσοιςὸ
596 396 785 435 νεανίσκος
807 395 856 433 εἰς
878 394 1090 446 Αἴγυπτον,
1113 391 1208 447 ἄχρι
1222 393 1287 434 τοῦ

27 449 256 502 Κλύσματος
266 451 396 489 πλοίου
411 448 658 502 ἀνοιγομένου)
673 449 754 487 Cum
765 449 1029 500 adolescentulus
1042 451 1076 486 in
1089 450 1289 501 Aegyptum

27 519 125 543 amne
146 503 286 555 adverso
306 502 517 554 navigaffit‚
535 506 684 552 provee‘lo
698 503 746 540 ad
759 502 1006 540 inundationem
1025 501 1125 554 usqne
1139 504 1289 554 navigio.

27 557 86 597 Ita
101 557 216 596 vertit
229 556 415 596 Erasmus.
431 557 484 594 At
501 555 528 593 st
545 555 804 593 Ptolemaeum
820 554 1064 594 consuluisset
1075 587 1086 603 ‚
1103 555 1143 592 L.
1163 571 1198 603 4,
1214 557 1293 594 tab.

25 609 110 650 Afr.
130 625 166 662 3,
178 608 358 648 didiciffet
369 640 380 655 ,
395 608 554 658 Κλὺσμοι
565 607 639 647 effe
655 621 795 647 nomen
810 608 1008 662 proprium
1028 608 1103 647 loci
1121 609 1158 646 in
1179 609 1291 648 litore

27 663 140 704 maris
153 663 298 708 Rubri,
318 663 385 701 ubi
405 661 630 715 praesidium
650 673 752 709 erat,
774 662 908 700 dicitur
921 662 1020 701 enim
1042 660 1203 713 φρούριον
1219 662 1296 710 ibi,

28 717 71 756 &
88 727 129 756 ut
142 730 187 756 ex
210 717 285 756 hoc
302 717 390 755 loco
410 716 599 761 coniicio,
616 715 680 754 ubi
702 716 856 767 navigia
875 728 941 767 per
957 715 1087 754 Nilum
1107 715 1146 754 &
1166 715 1293 755 Ptole-

29 782 180 810 maeum
196 770 359 809 fluvium
374 799 385 815 ‚
401 770 465 821 qui
482 782 503 807 a
514 768 685 808 Traiano
697 779 906 808 renovatus
919 768 960 807 δε
977 779 1202 822 repurgatus
1215 769 1294 808 fue-

26 835 107 869 rat,
123 823 421 868 adducebantur,
446 820 649 882 ἀνήγοντο,
668 822 709 861 &
724 821 773 862 sic
792 823 988 874 navigatio
1004 823 1041 860 in
1063 823 1205 861 Indiam
1228 822 1296 862 fie-

29 878 104 917 bat.
126 877 273 916 Idcirco
289 877 370 929 lege
393 889 480 924 cum
502 874 707 915 maiuscula
730 876 970 926 Κλύσματος,
991 876 1031 915 &
1048 887 1176 924 verte,
1191 877 1294 930 usque

30 933 79 970 ad
94 931 232 982 Clysma
246 933 386 969 adduflo
401 930 548 980 navigio.
565 929 656 968 Non
669 930 801 969 dubito
815 940 941 969 autem
954 959 966 975 ,
979 929 1014 968 id
1032 943 1173 969 nomen
1190 930 1295 969 fuiffe

29 996 54 1024 a
67 984 221 1024 Graecis
237 984 456 1035 impolitum
472 984 506 1022 ei
518 983 622 1028 loco,
639 982 862 1022 Ptolemaeis
876 983 1144 1035 regnantibus,
1163 985 1215 1022 ob
1230 996 1296 1023 ac-

30 1036 212 1077 ceffiones
226 1039 335 1076 maris
348 1037 496 1083 Rubri,
508 1049 609 1090 quae
622 1036 709 1075 illuc
722 1037 970 1089 penetrabant
980 1066 990 1082 ,
1012 1036 1052 1075 &
1065 1050 1152 1076 eum
1162 1037 1294 1077 locum

28 1089 190 1142 ἔκλυζον,
205 1092 393 1130 lavabant.
405 1091 525 1138 Vide,
540 1102 638 1142 quae
651 1089 786 1129 notavi
801 1091 848 1129 ad
861 1090 1087 1130 Strabonem
1104 1104 1188 1143 pag.
1205 1090 1295 1138 804.

32 1144 163 1185 PALM.
179 1145 343 1184 Videtur
357 1140 520 1184 Solanus
539 1144 715 1183 Iuntinae
729 1142 930 1183 leffionem
954 1143 1150 1184 secuturus
1164 1143 1268 1184 fuiffe
1280 1175 1295 1193 ‚

31 1211 131 1251 quae
156 1198 406 1238 ἀποπλεύσας
439 1199 568 1236 habet:
597 1197 704 1250 quod
718 1197 873 1250 quidem
897 1210 978 1236 non
1006 1198 1269 1251 improbaffeni
1286 1214 1298 1247 3

33 1252 94 1291 sed
113 1265 225 1291 unam
245 1252 399 1304 reliquis
417 1251 594 1290 omnibus
617 1251 678 1290 hic
694 1252 921 1304 praevalere
942 1251 1072 1299 nolui,
1089 1265 1177 1292 cum
1198 1254 1237 1292 δι
1254 1253 1298 1292 il-

35 1306 155 1346 larum
173 1306 283 1345 lectio
301 1318 379 1344 non
393 1305 510 1344 modo
527 1307 774 1344 commodum
791 1304 936 1344 sensum
950 1306 1146 1353 exhibeat3
1161 1319 1298 1347 verum

34 1358 65 1399 st
79 1360 126 1398 ab
139 1359 368 1399 Alexandria
382 1360 411 1398 is
424 1358 638 1398 adolescens
651 1360 696 1398 ad
718 1359 878 1411 reliquas
897 1359 1071 1412 Aegypti
1086 1370 1212 1412 partes
1231 1374 1299 1399 na-

34 1414 206 1465 vigavit,
223 1424 325 1452 certe
343 1412 501 1452 adverso
516 1412 671 1452 flumine
684 1412 870 1460 ascendit,
890 1425 935 1452 ac
954 1424 1034 1451 tum
1048 1414 1300 1454 ἀναπλεύσας

0 1493 1 1496 =
35 1466 150 1561 {egge
171 1466 307 1507 reffius
328 1467 473 1514 altero,
488 1466 661 1520 &magis
677 1479 894 1519 congruum
909 1466 1030 1506 altero
1051 1467 1296 1520 ἀναγομένου.

102 1532 183 1560 1Tz.

44 1602 47 1603 γ
90 1576 164 1613 ead.
186 1575 210 1613 l.
226 1588 283 1613 11.
305 1572 551 1626 Κλύσματος)
574 1574 638 1612 An
660 1573 777 1626 usque
798 1573 844 1627 acl
865 1572 949 1613 loca
969 1573 1144 1612 inundari
1166 1572 1301 1615 solita?

37 1627 204 1668 GUYET.
222 1627 396 1667 Palmerii
410 1639 540 1666 notam
561 1627 683 1666 vidisti
697 1628 849 1666 doctam
870 1626 978 1675 sane;
1000 1626 1060 1666 sed
1085 1629 1300 1668 monendus

37 1695 78 1722 es
89 1711 101 1728 ‚
119 1695 165 1721 ne
177 1692 253 1721 tam
267 1680 375 1720 facile
389 1681 517 1720 credas
529 1681 561 1720 ei
577 1680 766 1727 afferenti,
781 1681 1068 1733 navigationem
1083 1695 1152 1734 per
1165 1682 1302 1734 Aegy-

38 1747 147 1789 ptum
166 1749 187 1775 e
208 1736 302 1775 mari
318 1735 592 1774 mediterraneo
613 1735 664 1775 sle
680 1735 897 1774 continuari
915 1733 1086 1787 potuiffe.
1102 1735 1181 1774 Res
1195 1738 1301 1775 enim

39 1801 86 1829 ea
102 1789 303 1842 aliquoties
315 1788 449 1828 frustra
462 1799 626 1835 tentata,
643 1801 692 1828 eo
713 1789 861 1827 tandem
877 1789 1008 1836 rediit,
1023 1800 1066 1828 ut
1086 1802 1152 1842 per
1166 1790 1301 1829 Nilum

41 1845 244 1889 mercibus,
254 1856 369 1896 quam
388 1841 470 1881 fieri
485 1853 635 1894 poterat
652 1842 878 1895 longiffime,
893 1842 1031 1891 vestis,
1046 1842 1208 1882 terrestri
1222 1854 1302 1882 tan·

41 1897 126 1936 «lem
145 1898 275 1936 itinere
291 1897 336 1936 ad
350 1909 454 1935 mare
466 1896 644 1935 Rubrum
665 1898 970 1949 deportarentur,
989 1897 1089 1936 unde
1104 1898 1142 1935 in
1157 1897 1300 1936 Indiam

41 1963 146 1990 nova
157 1951 230 1991 iam
244 1951 504 1990 instituebatur
514 1951 720 2003 navigatio.
732 1949 900 1990 Consule
911 1951 1103 2003 Humphr.
1115 1950 1302 1990 Prideaux

42 2004 139 2044 Hist.
154 2004 194 2044 P.
206 2004 241 2043 II
252 2034 263 2051 ,
280 2006 320 2043 L.
335 2004 384 2050 11,
396 2017 483 2057 pag.
498 2018 549 2053 70
562 2004 602 2043 δι
614 2003 688 2058 seq.
705 2004 877 2045 Gallicae
892 2004 1079 2043 verlionis
1089 2005 1239 2044 nostrae
1251 2004 1303 2044 T.

41 2056 115 2106 111,
131 2071 168 2111 p.
189 2073 203 2097 1
216 2072 263 2106 14
278 2059 319 2098 ὃ(
333 2057 433 2110 seqq.
450 2057 559 2110 Quid
577 2070 672 2111 ergo
692 2057 779 2104 fiet,
795 2058 963 2109 inquies,
985 2059 1115 2097 verbis
1132 2058 1206 2097 istis
1225 2059 1304 2097 Lu-

43 2111 255 2159 ciani,satis
269 2124 397 2165 aperte
410 2112 670 2158 indicantibus,
683 2111 761 2152 sola
777 2112 1025 2164 navigatione
1040 2125 1060 2152 e
1078 2114 1171 2151 mari
1184 2113 1306 2152 medi⁴

43 2173 222 2206 terraneo
236 2179 304 2218 per
314 2167 540 2219 Aegyptum
557 2166 699 2206 Indiam
716 2167 764 2205 ab
778 2166 852 2205 hoc
865 2164 1045 2219 petitam?
1060 2166 1143 2218 Ego
1154 2197 1164 2214 ,
1177 2178 1220 2205 ut
1233 2179 1307 2206 ve·

45 2230 130 2258 rum
150 2219 279 2264 fatear,
295 2220 520 2268 Lucianum,
535 2220 598 2259 hic
613 2219 750 2259 erraffe
766 2231 880 2272 puto:
894 2221 1074 2259 videntur
1089 2220 1188 2258 enim
1210 2221 1304 2260 haec

46 2273 166 2314 verba
186 2274 220 2312 id
235 2274 399 2313 indicare
420 2272 562 2314 factum
574 2304 588 2320 ,
602 2275 708 2328 quod
732 2285 814 2313 tota
836 2285 947 2313 vetus
966 2273 1121 2312 historia
1134 2272 1217 2312 fieri
1236 2287 1305 2326 po-

47 2326 153 2367 tuiffe
167 2338 288 2380 negat.
300 2327 380 2367 Nis1
392 2326 517 2367 forsan
527 2329 647 2367 verba
665 2329 748 2367 eius
763 2339 946 2380 corrupta
963 2327 1045 2366 sint.
1060 2328 1129 2367 Sed
1149 2328 1185 2367 in
1202 2328 1307 2367 libris

0 2412 3 2422 ,
48 2381 199 2432 quidem
221 2380 360 2421 nostris
371 2382 461 2420 nihil
480 2380 626 2421 subsidii
639 2383 854 2434 comperio.
874 2382 1030 2421 SOLAN.
1048 2382 1306 2434 Interpretum

0 2458 6 2467 -
48 2446 232 2480 errorem,
251 2435 411 2485 Κλύσμα
423 2436 528 2475 urbis
541 2448 682 2475 nomen
697 2435 770 2475 effe
785 2435 1046 2481 nescientium,
1065 2448 1212 2488 praeter
1224 2435 1308 2474 Pal·

0 2507 10 2541 Γ
50 2488 211 2529 merium
226 2488 422 2542 castigavit
434 2488 648 2543 praesertim
665 2490 878 2532 Bochartus
892 2491 930 2531 in
944 2489 1092 2544 Phaleg.
1110 2504 1148 2535 2,
1164 2489 1223 2530 18.
1235 2488 1309 2530 Setl

0 2563 9 2576 .
