1730 3326
317 227 1057 279 LECTIONES.
1224 247 1314 292 327

51 324 172 366 lanus.
208 325 232 363 l.
247 337 279 375 5.
292 322 366 368 Δὲ,
377 320 479 373 τίνα)
496 321 541 359 Et
554 320 604 360 fic
618 320 770 359 eaedem
786 318 869 358 edd.
884 317 939 358 Δι’
951 332 1036 357 τινα
1050 317 1087 356 Ρ.
1150 319 1238 371 Pag.
1253 333 1317 370 49.

51 379 78 416 l.
94 376 280 431 13.Ka‘aea’
295 373 412 427 φιλ.)
428 374 474 413 Et
488 373 537 414 fic
552 374 689 412 habere
701 372 802 412 Con.
818 384 905 412 cum
921 371 1003 410 edd.
1021 380 1127 410 notat
1140 370 1316 411 Solanus.

53 433 77 470 l.
93 444 106 468 ι
119 444 150 482 ς.
166 427 360 480 Σκοτοὺς)
377 427 647 466 κατασκόπους
665 439 780 478 marg.
800 425 850 464 A.
868 438 878 462 ι
900 427 956 463 W.
1038 424 1128 474 Pag.
1146 437 1201 475 50.
1215 425 1236 462 l.
1254 438 1313 475 13.

54 482 258 536 Περίλαος)
276 482 336 521 Sic
356 481 440 520 edd.
459 493 554 532 quas
569 479 742 520 consului
760 490 894 518 omnes
907 508 915 522 ‚
940 478 969 515 I.
984 476 1068 515 Ald.
1083 477 1135 516 Fl.
1150 478 1195 515 B.
1213 492 1246 516 2.
1261 477 1317 516 H.

52 538 101 576 -Ρ,
121 537 161 574 S.
180 540 353 587 Πέριλλος
369 544 493 572 tamen
514 531 699 585 adscripsit
718 531 883 584 margini
900 530 1072 570 Solanus.
1144 530 1234 580 Pag.
1255 544 1295 578 51
1308 560 1316 568 .

53 589 82 628 l.
93 590 128 628 6.
150 587 348 640 Περίλαος)
363 587 442 626 Hic
463 599 560 627 vero
579 586 672 625 nihil
686 584 872 638 adscripsit
895 584 1005 622 idem.
1027 583 1097 623 Sed
1111 595 1236 635 neque
1257 582 1316 622 hic

53 642 137 682 edd.
154 644 301 682 variare
315 641 498 688 invenio,
517 652 641 693 neque
660 638 787 692 postea
799 667 810 684 ,
827 638 890 677 ubi
912 637 1007 676 idem
1029 648 1170 677 nomen
1187 648 1318 675 recur-

53 697 118 735 rit.
189 696 213 734 l.
232 694 513 734 12.‘Tmnoelst'v
534 692 709 746 κελεύειν)
730 692 776 731 Et
794 691 843 732 fic
856 691 909 729 Fl.
926 691 1063 730 habere
1080 695 1176 729 cum*
1194 690 1225 728 I.
1247 702 1320 727 no·

54 758 111 788 tat
123 748 232 788 idem.
260 750 283 787 l.
297 763 311 787 1
325 762 355 798 ς.
372 745 621 795 Μυκίισετοιι)
645 747 704 786 Sic
722 747 768 784 B.
785 760 817 785 2.
835 746 880 784 P.
902 744 942 783 &
962 745 999 783 S.
1018 743 1130 783 reRe.
1154 742 1321 782 Μηκίισε-

53 818 122 843 ‘tau
135 802 232 842 male
244 802 273 841 l.
287 803 338 841 H.
356 802 410 839 Fl.
431 802 511 839 Alci.
559 802 581 839 l.
600 814 658 847 17.
673 797 991 850 Κατειυλούμενον)
1006 797 1218 846 καταλοὺμ.
1234 809 1322 835 ma-

59 857 96 896 le
110 855 187 896 sola
201 856 246 894 B.
259 870 293 908 ⁴3.
348 855 437 907 Pag.
451 869 508 906 54.
525 855 548 892 l.
566 857 600 894 6.
621 852 905 905 Προσιὶσεσῦοιι)
921 851 983 891 Sic
998 852 1026 890 l.
1042 852 1096 891 H.
1111 851 1167 890 Fl.
1181 851 1226 889 Ρ.
1240 850 1320 890 &c.

55 910 272 962 -Προσέσὲιαι
284 908 321 948 P.
336 909 376 949 L.
389 910 428 948 δι
443 921 562 960 marg.
575 908 649 946 Α.ι
665 911 720 946 W.

74 987 1312 1008 κῆρ-*ῥυ*

165 1040 252 1084 IN
306 1039 741 1086 PHALARIN
793 1037 1206 1084 ALTERUM.

117 1118 205 1171 Pag.
220 1131 277 1172 55.
291 1120 314 1157 l.
329 1118 435 1170 9.col.
454 1132 485 1157 1.
497 1116 691 1170 Πρόξενος)
707 1116 904 1157 Scholium
919 1116 1045 1156 hocin
1060 1115 1222 1168 impreff.
1235 1128 1325 1155 cor·

62 1171 317 1224 ruptiffimum
328 1203 339 1219 ‚
352 1171 458 1211 MSS.
478 1171 601 1211 Codd.
613 1184 689 1223 ope
702 1171 815 1210 nitori
835 1170 904 1210 suo
916 1202 927 1218 ‚
941 1169 968 1209 si
985 1170 1116 1209 ultima
1130 1170 1296 1222 excipias
1310 1199 1324 1217 .,

61 1226 297 1265 reddidimus.
311 1226 431 1264 Solan.
472 1228 546 1264 ead.
561 1226 624 1264 col.
640 1239 674 1263 2.
690 1225 902 1277 Πολιτιιδον)
916 1224 1135 1264 πολιτικοὺς
1147 1223 1195 1263 C.
1223 1224 1245 1262 l.
1263 1237 1276 1261 1
1286 1238 1321 1263 2.

57 1280 124 1321 col.
142 1293 174 1318 1.
188 1278 424 1332 Ἀστὸξενος)
445 1279 647 1330 ἀστὺξενος
661 1278 708 1318 C.
730 1279 791 1317 hic
812 1278 853 1317 &
872 1279 910 1317 in
930 1277 1186 1331 sequentibus.
1249 1279 1323 1316 ead.

61 1333 123 1372 col.
151 1347 185 1371 2.
208 1332 459 1384 Παροιὸὁσεως
481 1332 711 1384 τηροῦντας)
737 1333 795 1372 Sic
811 1332 857 1372 C.
882 1331 1110 1384 Περαέὁχης
1124 1330 1324 1383 τυχόντας

64 1385 198 1426 misere
214 1388 252 1424 in
270 1387 387 1426 editis.
399 1401 442 1424 or.
464 1385 666 1438 τυροῦντοις
680 1387 732 1425 Vs
762 1387 785 1425 l.
801 1401 857 1438 13.
900 1386 964 1426 col.
979 1401 1013 1425 2.
1031 1385 1106 1435 Κᾷν
1123 1386 1221 1424 πολὺ
1240 1384 1329 1423 ταῖς

56 1439 268 1492 πατρίσιν)
288 1441 334 1479 Et
356 1440 431 1479 hoc
447 1453 494 1479 ex
516 1440 562 1480 C.
583 1441 649 1479 est.
671 1440 806 1479 Πολλοὶ
818 1438 906 1479 ταῖς
918 1438 1106 1490 mnam
1126 1439 1171 1476 G.
1187 1438 1326 1476 Πολλοὶ

62 1493 152 1533 ταῖς
165 1494 341 1545 πράξεσιν
354 1495 406 1533 V.
420 1494 532 1533 Unde
545 1493 762 1533 πολιτικαῖς
779 1493 959 1545 πράξεσιν
973 1492 1141 1532 fecerant
1160 1492 1327 1531 editores

64 1548 225 1600 priores.
285 1549 308 1586 l.
327 1562 385 1599 15·
399 1549 464 1586 col.
481 1562 494 1586 1
505 1579 512 1586 .
523 1546 611 1600 Ἑνὶ)
629 1547 728 1586 ἰδίως
743 1545 790 1586 ἑνὶ
805 1548 901 1598 ξένος
918 1546 962 1586 C.
976 1546 1101 1592 reike,
1125 1545 1165 1584 δι
1180 1544 1229 1584 fic
1243 1545 1328 1584 dedi

65 1614 138 1653 pro
156 1601 256 1641 ι’ἒίων
281 1601 396 1653 ξένος,
417 1602 522 1652 quod
543 1602 580 1640 in
595 1601 757 1652 vulgato
776 1610 869 1639 erat.
882 1599 996 1639 ‘mm
1013 1622 1059 1629 -
1078 1599 1176 1651 ξένος
1191 1601 1237 1638 G.
1254 1600 1328 1637 So-

68 1656 138 1694 lan.
165 1656 245 1695 ibid.
260 1657 283 1694 l.
303 1649 495 1708 18.'³H905)
515 1655 579 1694 An
592 1654 704 1702 ἔθνος
723 1655 832 1707 Εεὶτζ.
860 1654 940 1692 ibid.
957 1652 999 1692 Oi
1009 1653 1133 1704 μέντοι
1149 1652 1328 1705 νεώτεροι)

66 1709 127 1750 Sic
139 1722 186 1749 ex
200 1709 247 1749 C.
259 1708 484 1748 restitutum.
499 1707 541 1747 Οἱ
558 1705 668 1760 ἕτεροι
685 1709 736 1747 V.
749 1708 901 1747 Lacuna
915 1705 967 1746 est
982 1708 1019 1745 in
1033 1707 1077 1744 G.
1125 1708 1196 1746 ead.
1211 1707 1273 1746 col.
1291 1720 1326 1745 2.

67 1763 394 1816 Προσὲέχωνταιι)
414 1761 686 1814 προσδέχηται
703 1773 790 1801 ante
811 1761 1019 1814 legebatur.
1036 1760 1205 1800 Mutavit
1223 1758 1331 1799 Soka-

68 1830 142 1856 nus
159 1829 209 1858 ex
221 1817 268 1857 C.
285 1817 377 1855 item
398 1815 524 1868 ἑτέροις
540 1829 588 1854 ex
605 1816 740 1855 eodem
751 1844 762 1863 ‚
777 1828 865 1855 cum
879 1813 1018 1867 ἕιτερας
1039 1815 1077 1852 in
1097 1814 1208 1853 editis
1228 1812 1331 1854 effet.

65 1871 95 1910 ,1.
112 1884 172 1910 20.
191 1872 255 1910 col.
275 1884 306 1909 1.
321 1870 402 1909 Τισὶ
415 1869 657 1924 γενομένους)
674 1869 706 1908 οἱ
723 1869 888 1921 ’γίνονται
903 1869 940 1908 in
954 1869 1013 1908 ed.
1029 1867 1130 1908 Cler.
1145 1876 1237 1907 erat.
1258 1867 1330 1906 Sed

0 1956 1 1959 η
72 1925 148 1964 hoc
160 1926 202 1966 δι
212 1924 288 1963 alia
297 1925 497 1976 permulta,
507 1924 651 1976 quibus
659 1923 924 1963 enumerandis
936 1934 1014 1962 non
1027 1921 1209 1961 morabor
1218 1920 1334 1960 ΙΘξὶο-

0 2254 6 2475 1

3 2478 7 2598 ¹

70 1992 149 2018 rem
163 2010 174 2028 ‚
187 1977 347 2018 restituit
358 1977 486 2017 Solan.
501 1990 549 2017 ex
563 1976 664 2017 Coll.
675 1976 875 2017 Codicum.
922 1977 999 2014 ibid.
1013 1976 1035 2014 l.
1055 1989 1074 2014 2
1084 1989 1114 2015 1.
1125 1976 1217 2013 ’Aoi-*o
1235 1972 1330 2027 τοῦ)

71 2033 182 2073 Haec
194 2032 314 2072 verba
325 2032 365 2070 in
380 2031 427 2071 C.
442 2043 522 2070 non
534 2030 688 2070 exstant.
703 2030 774 2070 Sed
786 2029 980 2070 retinenda
992 2028 1090 2068 sunt.
1103 2030 1223 2068 Solan.
1251 2028 1333 2066 ibid.

75 2087 102 2126 l.
115 2101 176 2138 23.
190 2085 265 2125 Τῶν
277 2100 314 2125 κ.
329 2085 405 2125 &c.
417 2086 434 2138 )
448 2086 620 2125 Lacunas
637 2085 694 2124 ed.
710 2085 818 2136 Amst.
831 2097 878 2123 ex
893 2082 993 2123 Coll.
1008 2082 1200 2135 supplevit
1212 2081 1308 2120 idem
1321 2109 1339 2127 ‚

72 2141 221 2192 integer
235 2140 336 2179 enim
352 2138 481 2179 versus
493 2139 632 2178 deerat.
677 2139 702 2178 l.
715 2151 775 2191 25.
790 2138 852 2177 col.
870 2152 905 2176 2.
916 2136 990 2176 Οὓς
1003 2136 1036 2175 ἐν
1052 2135 1169 2187 οἰκίᾳ),
1179 2135 1335 2174 Lacuna

76 2195 138 2234 hic
152 2194 205 2234 est
217 2194 254 2233 in
271 2194 361 2232 Exc.
378 2193 424 2230 G.
437 2193 477 2232 &
492 2194 544 2231 V.
599 2193 621 2230 l.
637 2192 696 2231 26.
709 2192 772 2230 col.
788 2205 818 2230 1.
833 2189 1037 2243 Καταχρ.)
1061 2190 1106 2229 Et
1121 2190 1181 2228 hic
1200 2188 1336 2229 lacuna

75 2259 156 2288 erat
177 2249 216 2286 in
235 2247 294 2287 ed.
317 2246 419 2286 Cler.
444 2260 516 2299 pro
544 2258 622 2299 qua
646 2246 881 2297 κεχρημένων
909 2244 956 2295 τῇ
980 2246 1091 2295 κρίσει
1115 2242 1167 2283 est
1189 2243 1229 2281 in
1253 2241 1339 2282 Coll.

77 2303 170 2356 Pag.
186 2302 243 2352 56.
257 2303 280 2340 l.
293 2301 330 2341 6.
355 2299 615 2354 Δημιουργὸς)
630 2298 748 2338 Deest
765 2299 804 2337 in
818 2299 927 2350 Angl.
942 2297 1057 2338 Adest
1072 2298 1110 2336 in
1124 2295 1208 2336 edd.
1262 2297 1338 2334 ead.

79 2354 278 2407 Πρσθεῖναιι)
292 2354 509 2406 προσθεῖναι
522 2366 638 2405 marg.
654 2354 703 2391 A.
718 2365 731 2390 1
746 2356 801 2392 W.
857 2353 881 2390 l.
901 2365 915 2389 ι
928 2347 1065 2399 isba-cp
1076 2351 1095 2403 )
1107 2350 1164 2389 Ita
1175 2348 1338 2389 restitut.

81 2422 129 2448 ex
143 2410 184 2449 L.
194 2410 234 2449 δι
245 2420 362 2460 marg.
373 2409 445 2446 A.1
455 2404 568 2447 ,Ὅσον
579 2407 661 2446 edd.
679 2407 765 2457 Pag.
774 2419 832 2458 57.
842 2406 909 2453 l.4.
922 2400 994 2451 Οὐ)
1002 2404 1054 2455 μὴ
1068 2417 1186 2456 marg.
1199 2404 1245 2442 A.
1255 2416 1268 2440 1
1283 2407 1300 2440 l
1303 2406 1341 2441 V.

85 2464 108 2500 l.
123 2476 160 2511 7.
176 2461 290 2515 Αὐτὴ)
302 2462 362 2502 Sic
374 2462 428 2500 Fl.
443 2463 494 2500 H.
508 2462 552 2500 P.
566 2463 604 2499 S.
620 2461 707 2499 Ald.
726 2457 844 2499 Αὐτοῦ
859 2459 887 2497 Ι.
903 2458 943 2498 &
956 2471 1072 2510 marg.
1085 2459 1134 2496 A.
1145 2471 1159 2495 1
1173 2461 1228 2495 W.
1265 2458 1340 2495 ead.

82 2516 340 2567 Ἐμυσέιττετο
352 2515 370 2569 )
382 2513 578 2567 ιἰμυσὰττ.
591 2515 622 2555 Ι,
638 2514 748 2554 Prius
760 2512 910 2554 servant
923 2513 975 2552 H.
988 2513 1074 2606 Ajlgd.
1088 2512 1134 2551 P.
1149 2511 1224 2553 διε.
1270 2510 1295 2550 l.
1306 2523 1351 2563 9λ
