1730 3326
295 194 367 240 IN
400 192 723 240 PHALARIN
757 192 1057 239 PRIOREM.
1216 210 1310 259 379

41 279 260 330 Θεῖνομένην.
274 280 322 320 Et
335 285 372 328 Γ,
387 281 484 333 306,
502 303 547 311 -—
562 280 596 321 ἐν
612 280 844 332 ὀφθαλμοῖσιν
859 280 1026 333 ὁρᾶσθαι.
1042 279 1137 320 Item
1158 285 1189 321 Σ
1201 310 1212 328 ,
1235 296 1308 336 135

42 332 117 373 ἃς.
137 334 179 372 ln
200 334 339 386 quibus
356 346 485 375 tamen
508 335 768 387 pleonasmum
788 334 1081 387 praepositionis
1096 334 1130 373 ἐν
1145 335 1312 375 statuere

38 385 176 438 poffis,
191 389 283 440 quia
295 387 501 441 saepiffime
511 388 750 439 ὀφθαλμοῖο-ιν
764 388 919 427 iseo-&m
934 386 1011 426 fine
1024 388 1310 439 praepositione

37 439 141 480 dicit.
157 440 201 479 In
215 442 359 482 Nostro
374 453 502 482 tamen
517 455 597 482 non
613 443 709 482 adeo
724 441 882 495 simplex
893 441 946 481 est
960 442 1168 492 pleonal‘m.
1187 442 1246 480 sed
1263 443 1309 481 sl·

37 492 129 548 gnif.
154 510 266 534 coram
291 497 420 544 videre,
435 509 504 536 nec
526 495 758 549 praepofitio
782 496 986 535 commode
1003 493 1126 533 abesse
1148 498 1304 548 poterit.

36 551 92 589 At
104 547 132 587 fi
142 558 268 588 totum
281 547 313 589 ἓν
324 549 522 601 ὀφθαλμοῖς
533 561 660 590 tamen
672 549 934 603 pleonasnium
948 547 1021 588 effe
1033 546 1186 595 statuas,
1198 548 1306 601 quod

35 601 118 655 ὃρᾷν
140 601 322 650 sufficiat,
338 615 418 644 non
441 616 543 657 nego
557 605 732 657 quidem:
754 617 891 643 verum
906 604 968 642 aio
983 614 1108 641 tamen
1125 614 1308 641 neutrum

37 656 113 696 effe
124 656 316 698 otiosum:
330 658 435 712 quod
447 658 606 711 quisque
621 657 728 698 facile
745 657 927 710 intelligit.
941 656 1101 707 Alioqui
1116 657 1154 695 ὅ(
1167 655 1310 703 ὀφθαλ-

33 710 120 761 μοῖς
135 711 343 752 abundaret
357 713 458 766 apud
475 712 602 759 LXX,
617 711 717 752 Gen.
733 727 768 764 3,
781 712 805 751 6
817 740 827 756 ‚
843 711 898 749 ὅτι
918 711 1074 762 ἀρεστὸν
1086 714 1162 749 τοις
1175 711 1311 758 ὀφθαλ-

31 763 117 815 μοῖς
132 764 237 805 ι’ἓεῖν.
249 764 366 805 Conf.
384 765 468 805 infr.
479 765 676 805 Pseudom.
694 778 727 805 c.
742 780 802 818 39.
817 765 963 804 Rm‘rz.

90 821 164 858 ead.
178 820 202 858 l.
216 834 230 858 1
242 833 256 858 1
267 849 275 858 .
288 820 348 858 Ἐκ
359 819 430 859 τῶν
447 819 608 873 ἐνόντων)
623 821 680 857 T&
693 818 817 858 ἕνοντα
832 832 912 858 non
926 818 1000 858 effe
1011 847 1022 863 ‚
1041 818 1285 871 quodficperest
1294 850 1307 868 ‚

33 882 80 911 nt
91 872 273 924 vulgatus
287 875 404 912 vertit
415 905 428 921 ,
443 874 482 912 in
496 874 646 926 Evang.
665 873 756 911 Luc.
771 873 825 912 Xl
839 903 851 918 ,
865 887 909 921 41
920 903 931 918 ,
951 884 1076 925 neque
1098 872 1181 912 satis
1194 886 1308 912 accu-

32 937 118 966 rate
128 926 314 966 redditum
334 940 354 966 a
373 927 499 981 Belgis
514 940 580 980 per
593 930 641 975 id,
654 929 746 980 quod
754 928 857 978 inest,-
872 926 932 965 sed
948 924 1158 978 fignificare
1169 958 1180 974 ‚
1195 941 1310 978 quan-

33 990 109 1019 tum
121 996 185 1028 res,
190 982 264 1033 five
268 980 459 1032 fizcultates
463 981 593 1033 strant,
602 1003 647 1010 —
659 996 758 1033 quam
770 981 1121 1031 maximefieripoffit;
1137 981 1226 1019 vide
1238 980 1308 1020 do-

34 1044 187 1074 centem
200 1035 243 1074 L.
262 1035 342 1074 Bos
361 1035 400 1073 in
415 1036 549 1075 Exere.
563 1035 696 1074 Philol.
715 1034 760 1073 ad
774 1035 847 1074 Ev.
865 1035 957 1073 Luc.
974 1033 996 1072 l.
1019 1046 1050 1072 c.
1068 1034 1142 1072 Ubi
1159 1034 1196 1072 δι
1212 1034 1309 1074 haec

32 1087 195 1127 Luci-ani
211 1088 329 1128 verba
345 1089 482 1129 addere
493 1102 573 1128 non
585 1088 727 1128 oblitus
742 1087 810 1134 est,
823 1100 923 1140 quae
936 1087 998 1126 ille
1010 1087 1061 1126 fic
1074 1087 1208 1126 reddit:
1224 1089 1308 1126 mihi

30 1141 100 1195 ipfi
103 1158 194 1189 vero,
204 1154 367 1196 quantum
374 1145 503 1195 poffim,
514 1144 549 1181 in
554 1141 714 1193 ficturum
716 1143 926 1192 securitatem
936 1157 1139 1194 comparare.
1152 1141 1302 1182 REITZ.

88 1198 162 1235 ead.
175 1197 200 1236 l.
216 1208 274 1247 13.
287 1196 611 1242 Συνεβουλεὺσατε
624 1196 687 1244 ἂν)
700 1196 890 1235 Βεηεάἱξὶ.
907 1195 1104 1235 infeliciter
1120 1208 1303 1244 verterat,

31 1247 271 1301 hoc‚fhtscio‚
282 1251 450 1302 confilium
463 1251 543 1290 milii
554 1251 697 1303 dedistis.
711 1249 868 1289 Reffius
880 1249 946 1289 Ob
953 1249 1117 1301 sopoeus
1128 1281 1140 1297 ‚
1161 1251 1242 1290 haec
1254 1272 1299 1280 —

23 1302 228 1356 suafiffitis.
246 1304 330 1344 Effe
344 1305 444 1343 enim
460 1305 536 1344 hoc
551 1304 696 1343 aoristis
708 1304 881 1356 inprimis
894 1303 1094 1351 familiare,
1112 1314 1153 1343 ut
1165 1317 1304 1343 eorum

30 1357 266 1398 indicativus
280 1357 520 1399 subiunfflve
540 1357 585 1397 sit
605 1359 932 1411 interpretandus,
951 1357 1077 1410 (quod
1096 1357 1156 1397 hic
1177 1358 1306 1397 velex

31 1411 161 1450 addita
183 1411 371 1465 particula
391 1410 437 1452 ἂν
459 1411 569 1452 facile
587 1423 668 1452 erat
690 1411 848 1464 videre)
866 1412 1064 1463 permultis
1079 1412 1190 1451 docet
1210 1411 1305 1451 lens.

30 1463 154 1504 LeRt.
171 1466 326 1506 Lucian.
341 1479 423 1518 pag.
440 1466 488 1506 28
504 1489 523 1496 -
543 1479 612 1519 30,
627 1466 692 1505 ubi
708 1466 956 1505 Benediffitum
972 1467 1026 1505 ob
1039 1466 1138 1504 hanc
1154 1466 1304 1504 verfio—

29 1530 122 1558 nem
138 1520 388 1573 reprehendit.
402 1520 520 1572 Quae
530 1521 623 1573 quia
637 1520 749 1558 nimis
762 1520 897 1571 longa,
912 1532 992 1557 non
1008 1519 1154 1558 addam.
1170 1520 1302 1559 Unum

29 1580 187 1619 tamen,
199 1573 305 1626 quod
320 1573 450 1625 postea
464 1587 579 1613 manu
603 1573 668 1612 sua
687 1573 821 1612 addidit
836 1571 998 1618 Ienfius,
1013 1572 1236 1625 subiungam
1252 1586 1304 1613 ex

29 1626 154 1667 Hom.
172 1626 212 1665 ll.
235 1632 287 1673 N,
308 1640 394 1680 301,
409 1628 477 1666 ubi
491 1650 535 1657 —
553 1627 633 1665 ὅστ’
646 1627 805 1675 ἐφόβησε
824 1626 1041 1678 ταλάφρονά
1056 1641 1127 1677 περ
1142 1628 1304 1677 πολεμί-

26 1694 143 1726 στην,
159 1679 257 1721 male
273 1681 396 1733 vulgo
407 1681 571 1721 vertitur
583 1693 695 1729 terret,
709 1693 799 1721 cum
813 1679 999 1733 significet
1009 1710 1022 1728 ,
1040 1703 1085 1710 —-
1098 1683 1156 1733 qui
1169 1694 1302 1731 terreat,

31 1735 252 1792 qtg-antumvis
263 1735 471 1787 impavidum
484 1736 683 1774 bellatorem.
699 1733 776 1774 Cui
799 1735 896 1774 addo
916 1734 958 1774 11.
981 1739 1006 1772 Z
1019 1764 1031 1780 ‚
1052 1735 1227 1788 73,'¹F.v6:c
1243 1750 1304 1776 κεν

31 1791 132 1828 αὑτε
158 1788 272 1841 Τρῶες
295 1790 486 1840 ἀρηϊφίλων
504 1786 570 1828 ὑπ’
588 1787 760 1839 Ἀχαιῶν
771 1787 882 1827 Ἴλιον
901 1789 1159 1836 εἰσανέβησαν,
1183 1790 1302 1828 ἀναλ-

31 1843 151 1892 κείῃσι
162 1841 351 1892 δαμέντες
364 1842 401 1881 Εἰ
411 1844 462 1893 μὴ
478 1865 524 1872 -
542 1843 609 1882 ubi
623 1842 712 1880 satis
725 1841 962 1882 manifestum
974 1842 1040 1888 est,
1057 1843 1303 1888 εἰσανέβησαν

30 1894 128 1944 effe,
143 1896 232 1936 intro
244 1896 499 1950 adscendzffi’nt,
512 1895 536 1936 s.
544 1895 754 1948 scandzſjknt
767 1912 894 1943 muros,
906 1897 995 1949 quia
1009 1897 1040 1934 εἰ
1051 1898 1104 1946 μη
1120 1896 1301 1949 sequitur.

31 1949 237 1990 Demosth.
257 1951 303 1990 de
318 1950 412 1993 Cor.
434 1965 468 2004 p.
484 1964 558 2002 520
570 1949 597 1989 f.
615 1950 674 1989 ed.
690 1951 774 1988 Par.
790 1944 908 1989 Οὗτος
922 1951 956 1988 τ’
969 1951 998 1989 εἰ
1010 1950 1146 1989 sinam
1160 1951 1273 1990 ἐποίει
1285 1981 1302 1998 ,

31 2000 99 2043 οὖιι
113 2002 158 2043 ἂν
173 2026 218 2033 -
233 2003 409 2049 ἔβλαπτε
422 2005 485 2044 καὶ
499 2004 714 2050 ὃιέβαλλεν.
728 2004 775 2043 Et
788 2004 995 2043 Herodian.
1010 2018 1031 2042 2
1041 2034 1052 2050 ‚
1068 2019 1105 2052 ς,
1119 2019 1173 2043 12.
1189 2005 1302 2045 Adde

30 2056 215 2098 Nostrum
231 2059 351 2098 ZeuX.
367 2072 399 2098 c.
416 2070 451 2109 5,
464 2058 532 2098 ubi
550 2058 717 2107 ἐπῆινεσα
736 2070 895 2111 quoque
912 2059 1122 2098 laudaverim
1143 2069 1300 2098 verten-

31 2112 144 2159 dum,
160 2124 261 2160 non,
279 2112 452 2160 laudavi3
473 2112 534 2151 vel
555 2111 708 2158 saltem,
721 2112 860 2151 laudare
866 2112 983 2163 fiko,
1002 2122 1046 2151 ut
1068 2111 1181 2152 Gesn.
1198 2112 1301 2154 fecit.

33 2165 82 2205 Et
95 2166 219 2219 Long.
229 2166 322 2205 Past.
336 2166 378 2215 Ι,
391 2179 477 2219 pag.
493 2179 565 2212 20,
577 2165 716 2215 ῥᾳὲίως
729 2164 774 2205 ἂν
788 2166 984 2204 {neniam
997 2165 1162 2206 ἀληθινὸς
1178 2165 1301 2215 ἔλαθε,

30 2219 56 2260 i.
71 2233 105 2259 e.
119 2221 245 2266 lateat,
266 2220 366 2259 latere
376 2223 492 2274 poffit:
514 2221 555 2260 &
571 2234 592 2258 2
606 2249 618 2266 ,
634 2234 667 2272 p.
693 2232 758 2270 54,
775 2220 862 2259 ὶσως
879 2219 925 2259 .st
938 2219 1004 2258 καὶ
1018 2219 1090 2258 τῶν
1104 2219 1243 2259 ἀληθῶν
1256 2235 1297 2259 τι

30 2271 215 2325 ἔπραξαν,
228 2274 260 2313 εἰ
270 2274 323 2324 μὴ
341 2275 415 2315 διε.
430 2273 579 2314 Aelian.
594 2274 646 2312 V.
660 2274 709 2312 H.
720 2272 793 2313 XII
804 2302 815 2321 ‚
834 2286 868 2319 1,
883 2288 917 2326 p.
936 2273 1013 2323 658
1028 2273 1082 2312 ed.
1094 2272 1211 2313 PeriZ.
1226 2275 1298 2312 mi-

29 2339 120 2366 nor.
141 2324 249 2368 Εἶπεν
261 2329 306 2368 ἄν
319 2342 392 2375 τις,
407 2326 599 2368 λαλούσης
613 2325 746 2373 αὐτῆς,
760 2325 903 2367 ἀκούειν
914 2326 1086 2379 Σειρῆνος.
1103 2327 1218 2367 Conf.
1234 2327 1297 2367 su-

0 2397 2 2437 5
30 2393 100 2433 pra
110 2381 212 2420 Tim.
231 2394 263 2422 c.
280 2395 324 2434 9,
342 2381 407 2421 ubi
427 2381 640 2436 ἠγανάκτει
653 2381 896 2431 indignaretur,
910 2394 981 2431 pro
998 2381 1211 2434 ἀγανακτοι
1223 2412 1234 2426 ,
1251 2382 1295 2422 &

0 2440 2 2477 i
28 2435 233 2485 ποιήσομεν
247 2448 320 2488 pro
330 2434 542 2486 ποιήσωμεν
554 2447 691 2474 contra
704 2435 868 2474 Fabrum
882 2434 1107 2474 defenditur.
1120 2435 1265 2474 RErrZ.

0 2488 1 2499 ¹
84 2489 175 2542 Pag.
189 2490 253 2540 46.
268 2491 292 2529 Ι.
308 2504 342 2543 3.
356 2489 426 2531 Καὶ
442 2512 488 2521 --
500 2488 641 2543 πέτρα)
656 2488 760 2529 Mala
774 2488 1008 2530 distinffione
1019 2489 1081 2530 hic
1092 2489 1296 2536 laborabat

0 2510 1 2576 l

0 2577 2 2725 ἱ

0 2745 3 2877 1

0 2929 3 2965 .

0 2974 5 3169 Ξ

0 3177 6 3326 l
