1730 3326
388 229 512 288 ,474
609 217 1476 267 ANNOTATIONES

382 299 389 312 ’
416 307 574 346 SOLAN.
592 306 760 347 Facilior
775 306 827 347 est
840 307 978 347 horum
999 308 1198 348 nominum
1222 309 1449 361 permutatio
1461 339 1472 356 ,
1494 319 1568 349 tam
1584 323 1672 362 pro-

417 372 501 411 pter
513 360 728 408 literarum,
752 374 865 413 quarn
888 361 1063 401 historiae
1075 361 1304 401 affinitatem.
1326 363 1548 402 Turbarum
1570 365 1671 402 enim

418 413 506 451 satis
522 425 680 467 uterque
692 415 789 453 dedit
800 428 811 461 ;
821 415 894 453 vid.
906 413 1030 452 lustin.
1043 415 1302 467 compluribus
1316 416 1418 454 locis.
1428 415 1587 456 Facilior
1596 429 1675 457 cer-

421 476 461 504 te
476 466 609 506 isthaec
620 467 671 506 est
686 467 935 518 permutatio,
952 480 1066 519 quam
1083 469 1289 516 Κυρηνίουὶη
1308 468 1453 521 Evang.
1472 470 1565 508 Luc.
1581 482 1676 509 cunr

419 518 637 570 Quinffilio
659 522 771 559 Varo
784 551 795 567 ‚
821 533 933 572 quem
961 521 1074 559 nobis
1096 521 1182 560 inde
1207 521 1352 573 effingit
1376 521 1413 561 P.
1441 523 1613 562 Horreus
1636 523 1674 561 in

419 571 597 613 Prooem.
611 573 766 613 Miscell.
779 573 871 612 Crit.
899 573 1042 612 Rtlrz.

474 629 545 665 cad.
555 628 579 666 l.
594 640 606 664 ι
615 641 650 676 7.
659 626 922 678 Στρατονίκης)
934 625 1099 680 Respicit
1108 625 1313 675 historiam,
1324 627 1370 666 de
1382 640 1461 680 qua
1471 629 1516 667 ad
1527 634 1675 682 Συγγρ.

418 691 452 718 c.
470 693 532 732 35,
546 679 585 719 &
601 687 688 732 Συρ.
703 693 738 719 c.
757 693 812 727 ¹7·
828 679 983 719 SOLAN.

480 733 568 786 Pag.
586 747 671 785 155.
685 734 708 771 l.
726 746 757 784 5.
769 731 936 786 Ἑαυτὸν)
955 732 1061 772 M&
1075 732 1116 770 L.
1127 732 1172 772 B.
1190 746 1224 771 2.
1239 733 1282 772 P.
1297 731 1336 772 δι
1350 731 1449 787 seqq.
1464 734 1544 774 edd.
1561 734 1605 774 Iu
1621 735 1675 775 Η.

418 785 459 824 δι
473 787 663 826 veteribus
675 785 862 838 plerisque
883 785 1033 830 ἑωυτῶν,
1047 797 1176 837 prave.
1205 785 1359 824 SOLAN.

478 840 566 893 Pag.
584 841 701 891 156.l.
721 854 752 878 1.
767 838 991 890 Ἀναγκαῖον
1002 839 1042 877 8(
1052 839 1160 891 ὅπερ)
1178 839 1340 891 Utrique
1354 839 1592 892 adscripscrat
1606 841 1676 881 So.

421 892 549 939 lanus,
570 892 610 932 δι
622 894 672 931 Fl.
686 891 735 931 fic
750 892 874 944 legere
894 905 979 932 cum
1004 893 1033 930 I.
1050 892 1089 931 δι
1104 893 1155 930 H.
1170 891 1310 931 Forsan
1332 889 1457 944 ὥσπερ
1470 894 1678 946 quaesivit,

422 946 461 982 in
475 959 554 997 quo
567 947 733 985 variatur
745 946 960 996 Tyrannic.
972 958 1006 984 c.
1026 958 1040 983 1
1054 959 1067 984 1
1078 960 1087 984 ε
1098 946 1200 997 quod
1215 942 1338 996 ὥσπερ
1348 958 1389 985 ut
1401 948 1511 986 etiam
1526 947 1584 987 hic
1599 960 1678 989 non

419 999 693 1048 improbarem,
703 1000 755 1039 ita
770 999 962 1052 vulgatam
976 1011 1100 1038 tamen
1115 1011 1194 1038 non
1208 1011 1423 1045 moverem,
1436 1013 1534 1053 quae
1547 1002 1679 1054 utique

419 1053 520 1091 :ecte
540 1052 574 1092 se
590 1054 723 1099 habet,
739 1054 856 1092 modo
872 1053 988 1091 verba
1001 1052 1063 1091 illa
1075 1083 1085 1099 ‚
1103 1052 1191 1103 livre?
1205 1052 1266 1090 nai
1281 1053 1358 1092 τοῖς
1371 1051 1530 1106 ῥήτορσι,
1545 1067 1680 1107 paren-

418 1105 511 1144 thesi
531 1107 673 1146 inclusa
688 1107 893 1159 intelligas,
920 1106 1026 1157 quod
1044 1105 1275 1158 Obsopoeus
1295 1108 1332 1144 in
1351 1107 1481 1145 Latina
1501 1107 1680 1148 verfione

423 1159 524 1205 sczit,
541 1172 714 1205 vertens,
735 1163 826 1212 quod
835 1161 868 1198 δ’
883 1161 1022 1198 rhetores
1029 1160 1188 1210 faHitare
1211 1159 1462 1211 consueverunt.
1480 1160 1551 1200 Sed
1571 1174 1682 1213 aper-

422 1214 494 1250 tius
516 1213 691 1264 potuiffet
715 1213 891 1258 reddere,
915 1216 1006 1265 quod
1020 1213 1054 1251 δ’
1074 1213 1257 1252 rhetoribus
1277 1214 1501 1266 ncceffarium.
1529 1214 1628 1254 Nam
1650 1214 1682 1254 st

422 1267 550 1316 priore
566 1268 683 1305 modo
695 1266 874 1313 redditur,
898 1264 1004 1305 sonat
1018 1278 1062 1305 ac
1076 1266 1103 1305 si
1117 1263 1258 1318 ὥσπερ,
1279 1280 1357 1306 non
1376 1268 1463 1319 ὄντες
1481 1267 1681 1320 legeretur.-

420 1319 563 1358 RHTZ.
579 1312 724 1370 “Qec-reg)
736 1319 806 1358 Ms.
825 1319 921 1371 Reg.
940 1333 1055 1371 2954.

476 1374 548 1411 ead.
564 1373 586 1410 l.
598 1389 631 1421 4.
648 1372 834 1425 Χρησμος)
845 1373 984 1426 Tangit
995 1373 1088 1412 Plut.
1102 1385 1125 1423 9
1136 1385 1192 1420 10,
1214 1386 1246 1420 ι,
1259 1373 1298 1412 &
1312 1372 1422 1426 Orig.
1437 1386 1468 1413 c.
1482 1372 1580 1413 Cels.
1596 1387 1684 1427 pag.

420 1427 489 1477 63,
507 1439 538 1465 1.
554 1427 653 1466 Vide
666 1427 809 1466 Herod.
823 1428 861 1464 in
873 1425 960 1466 Clio
980 1440 1016 1480 p.
1033 1439 1047 1464 1
1060 1439 1073 1464 1
1091 1425 1115 1465 f.
1137 1426 1235 1478 apud
1250 1440 1362 1478 quem
1379 1440 1449 1480 pro
1467 1428 1685 1476 λαλέοντος,

420 1480 526 1531 quod
539 1480 575 1518 in
592 1481 742 1533 reliquis
753 1479 819 1528 est,
831 1480 969 1533 legitur
985 1478 1196 1530 φωνςῦντος.
1218 1479 1376 1519 SOLAN.

477 1536 548 1572 ead.
559 1535 583 1572 l.
598 1548 628 1585 ς.
639 1534 707 1573 Καὶ
717 1533 854 1594 amoq)
863 1535 1007 1586 Tangit
1015 1543 1127 1572 vetus
1138 1534 1351 1580 oraculum,
1360 1533 1463 1586 quod
1473 1533 1623 1586 quidem
1632 1532 1685 1575 fic

422 1587 522 1637 apud
536 1587 629 1626 plut.
642 1588 710 1627 Καὶ
722 1602 838 1636 κωφου
855 1588 1015 1638 συνίημι,
1030 1587 1091 1625 καὶ
1106 1584 1142 1624 οὗ
1157 1594 1354 1626 λαλέοντος
1365 1587 1493 1625 ἀκούω.
1509 1588 1681 1628 BOURD.

422 1640 617 1680 Laudatur
635 1642 747 1681 etiam
765 1642 841 1680 hoc
860 1642 1057 1680 oraculum
1073 1653 1095 1678 a
1108 1639 1390 1691 Chrysostomo
1406 1641 1442 1679 in
1455 1640 1603 1691 Babyla
1614 1669 1624 1688 ,
1641 1641 1689 1680 δε

423 1707 445 1731 a
460 1694 629 1734 Luciano
641 1695 678 1733 in
690 1695 786 1734 love
802 1693 1014 1734 confutato.
1031 1692 1158 1733 Exstat
1172 1705 1297 1733 totum
1312 1695 1410 1746 apud
1424 1695 1684 1734 Herodotum.

423 1747 596 1787 (ΞΒ-λεν.
612 1749 862 1788 V.Her0dot.
874 1763 911 1801 p.
929 1763 942 1787 1
957 1761 969 1785 1
991 1746 1015 1787 f.
1038 1747 1195 1787 Somne.
1213 1747 1288 1786 Vel
1302 1749 1357 1787 ed.
1374 1746 1489 1801 Bam,
1521 1777 1530 1787 .
1550 1760 1594 1799 9,
1616 1748 1682 1787 ubi

426 1801 520 1840 haec
533 1801 652 1854 legas:
669 1801 686 1842 ἦ
703 1802 812 1842 Πυθίη
830 1803 863 1841 ἐν
881 1801 1072 1853 ἑξαμέτρῳ
1085 1801 1174 1850 τόνῳ
1187 1803 1291 1853 λέγει
1308 1801 1419 1840 rass-
1443 1761 1543 1840 Oissa
1557 1800 1595 1839 δ’
1607 1802 1689 1854 ἐγὼ

428 1854 596 1904 ψάμμου
616 1856 652 1895 τ’
670 1856 826 1908 ἀριθμὸν,
845 1857 906 1894 καὶ
920 1856 1043 1906 μέτρα.
1056 1856 1269 1894 eandoem.
1291 1854 1360 1893 Καὶ
1382 1852 1501 1902 κωφοῦ
1522 1855 1689 1906 συνίημι,

425 1909 490 1947 καὶ
506 1905 542 1948 οὗ
557 1907 759 1958 φωνεῦντος
771 1909 903 1948 ἀκούω,
931 1908 1078 1947 REITZ.

479 1964 583 2002 eadd.
593 1964 629 2003 6.
641 1962 860 2016 Aaae'ovrof)
874 1963 1027 2013 Operae
1040 1962 1203 2014 pretium
1219 1961 1371 2000 videtur
1383 1960 1602 2001 existimasse
1613 1961 1683 2002 So-

424 2016 535 2055 lanus
548 2017 584 2055 in
597 2017 692 2056 hanc
704 2017 905 2056 leetionem
919 2016 1109 2068 inquirere
1120 2044 1130 2060 ,
1154 2016 1244 2067 quia
1260 2014 1396 2054 Noster
1412 2015 1541 2055 Attice
1556 2016 1694 2068 potius·

427 2069 632 2109 λευκῶν-τος
650 2070 772 2110 dicere
795 2069 904 2110 solet:
929 2070 988 2108 sed
1009 2071 1101 2122 quia
1116 2069 1303 2108 Herodoti
1322 2067 1434 2107 lectio
1458 2068 1552 2108 illius
1568 2070 1686 2108 menti

426 2122 718 2173 obversabatur,
728 2123 861 2163 Ionica
872 2123 1032 2163 dialeEto
1042 2123 1102 2162 hic
1117 2121 1206 2162 usus
1216 2123 1377 2170 videtur,
1391 2122 1476 2162 lic'et
1489 2125 1691 2161 λαλέοντος*

425 2176 475 2214 ibi
492 2190 550 2229 ap.
568 2178 755 2217 Herodot.
773 2190 853 2217 non
869 2189 1063 2217 occurrat.
1083 2176 1225 2215 Rmz.

482 2232 562 2270 ibid.
578 2229 797 2284 Δημήτριον)
810 2232 951 2279 Huius,
962 2231 1052 2270 dum
1066 2231 1159 2270 alios
1173 2229 1314 2270 multos
1326 2227 1506 2273 recenset,
1516 2240 1595 2268 non
1607 2241 1694 2268 me·-

427 2283 538 2323 minit
555 2284 670 2337 Diog.
684 2285 808 2325 Laert.
825 2285 863 2323 in
878 2284 1031 2323 Demet.
1045 2285 1096 2323 V.
1109 2282 1194 2336 pa'g.
1210 2298 1293 2336 134.
1311 2283 1380 2323 Sed
1396 2283 1431 2320 in
1444 2282 1631 2322 Metrocle
1648 2297 1686 2335 p.

433 2339 502 2375 161
522 2337 566 2379 A.
583 2337 644 2378 De
655 2351 704 2378 eo
723 2340 838 2378 etiam
855 2338 999 2378 Seneca
1011 2338 1056 2377 de
1070 2337 1200 2378 Benef.
1216 2337 1316 2384 VII,
1333 2350 1366 2382 1,
1379 2336 1419 2375 &
1433 2349 1471 2385 7,
1493 2336 1533 2374 δι
1547 2348 1605 2387 ep.
1621 2349 1684 2384 20,

427 2394 477 2428 62
496 2392 567 2430 διε.
583 2403 764 2432 monente
786 2392 969 2444 Menagio
983 2393 1020 2431 in
1034 2393 1145 2431 notis.
1167 2391 1230 2431 De
1246 2390 1444 2430 Demetrio
1456 2388 1590 2428 eodem
1603 2388 1687 2427 Phi-

429 2444 530 2483 lostr.
546 2460 581 2496 ρ.
601 2446 692 2498 163,
710 2446 776 2484 ubi
787 2446 875 2484 vide
890 2457 1000 2485 notas
1011 2475 1022 2492 ‚
1039 2445 1078 2485 δι
1094 2458 1164 2484 nos
1176 2445 1221 2484 ad
1233 2443 1315 2495 Τοξ.
1332 2456 1365 2482 c.
1378 2457 1438 2492 27.
1451 2442 1555 2482 Suet.
1568 2442 1683 2481 etiam

431 2497 584 2551 Yespas.
599 2511 630 2539 c.
648 2512 661 2538 1
672 2514 707 2552 3,
720 2499 762 2539 δι
775 2499 912 2541 Noster
921 2506 1109 2552 Animae.
1127 2514 1161 2553 3,
1176 2499 1217 2540 8(
1230 2495 1387 2538 Ἀποιιὲ.
1401 2510 1434 2538 c.
1450 2509 1507 2550 19.
1522 2495 1684 2536 δοῖ-ΛΝ.
