1730 3326
201 190 306 238 ΓΝ
368 187 1128 236 ALEx-ANDRUM.
1212 200 1304 254 393·

54 322 57 323 γ
97 282 169 320 ead.
183 281 204 319 l.
222 294 281 330 15.
293 277 450 333 Εὗφυᾶ)
466 280 558 319 Non
572 280 724 333 quidem
738 279 930 318 immerito
943 278 1167 318 varietatem
1183 293 1302 331 quae-

38 332 440 387 fivitdiligentiffimus
461 333 644 373 Solanus:
666 346 752 372 nam
775 328 884 379 εὐφυῆ
899 333 1108 385 requiritur
1127 333 1174 370 ab
1196 333 1304 372 recto

44 385 189 436 εὐφυὴς,
205 389 229 425 sl
247 388 500 440 paradigmata
518 387 764 439 grammatica
778 384 935 437 spectes,
957 397 998 424 ut
1019 384 1155 424 ἀληθέα
1170 385 1302 425 ἀληθῆ·

42 441 86 480 ὅ(
101 440 211 489 εὐφυῆ
223 440 398 480 Vorstius
417 442 528 480 etiam
545 440 702 492 margini
727 438 837 478 Basil.
854 453 875 477 2
890 437 1140 490 adscripscrat.
1152 440 1306 479 Verum

40 506 180 534 neuter
193 494 339 534 videtur
350 493 542 533 attendiffe
555 495 598 532 ad
610 493 890 544 exceptionem,
903 505 1000 543 quae
1013 507 1056 530 sa
1073 505 1210 543 purum
1227 504 1305 532 tam

44 548 84 585 in
106 562 132 585 τι
151 560 267 599 quam
289 562 308 587 n
332 543 509 587 contrahi
525 559 676 592 monet,
699 541 852 598 fied-7155
870 542 1015 598 διὺγιοῖ
1029 547 1181 584 ntrovis
1198 559 1306 584 more

44 600 120 639 dici
131 631 143 649 ‚
158 601 197 640 ὃ(
211 600 394 653 posterius
407 601 557 653 quidem
574 599 822 652 frequentius,
839 598 1089 639 Grammatici
1106 600 1179 637 iam
1194 599 1307 637 tradi·

41 654 142 694 dere.
154 653 269 693 Conf.
281 655 326 693 de
339 654 427 694 Salt.
442 654 521 704 §74
531 684 540 700 ‚
557 655 595 693 &
608 654 797 692 Maittaire
809 652 854 691 de
867 652 968 691 Dial.
984 667 1019 703 p.
1038 667 1098 704 29.
1114 652 1148 691 R
1156 662 1255 691 Esz.

100 708 189 758 Pag.
208 708 269 760 69.
282 707 305 746 l.
321 722 356 756 4.
373 707 513 760 Θῶνος)
531 708 680 759 Anglic.
702 707 845 744 oacom-
860 706 901 745 δι
917 708 966 744 ita
980 707 1118 757 interp.
1134 706 1308 746 BOURD.

41 759 158 805 Conf-
173 761 334 800 Homer.
347 761 484 812 Odyff.
497 769 530 800 Δ
541 791 551 806 ,
569 775 655 806 230.
671 759 789 799 Θῶνος
803 759 973 798 scribitur
985 761 1087 813 apud
1102 761 1220 799 Hom.
1234 762 1258 798 l.
1270 774 1306 800 c.

43 815 92 853 ad
103 827 216 867 quem
229 815 358 854 locum
372 814 570 854 manifesto
585 814 728 854 alludit:
739 827 825 853 cum
840 814 886 852 A.
901 825 1026 853 tamen
1038 813 1076 853 P.
1088 814 1199 852 etiam
1215 815 1309 852 Θόω-

43 881 111 908 νος.
123 867 232 909 Cave
244 880 371 908 autem
387 870 514 908 credas
527 880 612 907 cum
628 866 837 908 dockiffimo
854 867 1065 906 Philostrati
1079 867 1283 920 interprete
1293 898 1308 914 ,

41 933 184 962 nomen
199 922 233 960 id
247 921 353 961 fuiffe
370 921 569 973 Tyanenfi
582 922 672 974 ,(ad
688 936 723 973 p.
742 920 855 972 148.)
869 933 982 972 quem
998 922 1236 973 Aegyptium
1250 923 1322 960 in·-

18 974 152 1027 -super
175 976 233 1014 vir
247 976 346 1015 doct.
372 977 550 1028 deceptus
573 975 674 1015 facit.
697 975 843 1014 Mirum
866 986 992 1013 autem
1015 975 1086 1020 est,
1107 976 1207 1028 apud
1224 975 1311 1013 Phi-

39 1027 144 1068 lostr.
161 1028 274 1069 huius
296 1030 460 1069 hominis
479 1027 711 1068 mentionem
735 1028 880 1067 nullam
901 1027 1007 1074 fieri,
1023 1041 1137 1079 quem
1157 1030 1309 1080 partici-

41 1095 128 1134 pem
149 1081 305 1122 suorum
330 1096 558 1123 arcanorum
577 1082 791 1136 Apollonio
812 1081 951 1121 Noster
973 1091 1053 1120 tam
1077 1080 1208 1121 diserte
1229 1093 1310 1121 tra-

41 1136 106 1176 dit.
126 1136 283 1177 SOLAN.

93 1192 165 1229 ead.
180 1192 203 1229 l.
229 1204 260 1243 5.
273 1190 489 1243 Φάρμκκω)
506 1189 594 1230 Hoc
611 1201 764 1229 carmen
783 1188 958 1241 pluribus
973 1189 1011 1228 in
1029 1188 1122 1229 locis
1141 1188 1194 1228 est
1208 1189 1308 1240 apud

38 1243 257 1284 Homerum
270 1274 283 1291 ,
298 1245 504 1297 praecipue
516 1243 656 1295 Odyff.
671 1250 704 1282 Δ
717 1273 726 1288 ,
744 1244 848 1295 quod
864 1242 1068 1294 usurpatur
1088 1243 1126 1281 in
1141 1244 1307 1282 medicos

36 1298 256 1350 imperitos,
279 1299 348 1352 qui
369 1311 446 1338 non
471 1311 560 1337 raro
582 1311 774 1337 venenum
794 1310 865 1348 pro
889 1298 1057 1337 remedio
1084 1296 1306 1338 ministrant.

37 1352 186 1393 COGN.
208 1353 323 1392 Hunc
335 1351 487 1392 versum
502 1352 675 1408 vid.jbid.
692 1350 831 1402 Odyff.
848 1358 880 1390 Δ
891 1381 904 1400 ,
917 1365 962 1404 23
972 1365 1006 1390 2.
1020 1351 1167 1390 REITZ.

91 1408 167 1444 ead.
179 1406 203 1444 l.
215 1420 252 1456 7.
268 1405 406 1457 Αὐτὸς)
423 1406 539 1458 Angl.
554 1405 671 1444 οὗτος,
686 1405 859 1444 BOURD.

93 1462 165 1500 ead.
180 1461 203 1498 l.
220 1474 256 1512 9.
268 1460 343 1498 Τῶν
354 1459 580 1508 Ἀπολλωνίῳ
594 1459 648 1507 τῷ
658 1458 905 1497 Τυανεῖπάνυ
922 1457 1220 1512 συγγενομένων)
1231 1457 1306 1498 Τῶν

38 1513 269 1561 Ἀπολλωνίῳ
283 1511 338 1561 τῷ
348 1512 546 1563 “suaves-143
556 1513 667 1552 πάνυ.
682 1513 874 1551 MARCIL.
888 1512 1014 1551 Huius
1028 1512 1146 1551 vitam
1161 1512 1182 1550 8
1199 1512 1306 1552 libris

37 1567 284 1609 Philostratus
299 1566 491 1607 describit:
515 1569 615 1606 hunc
631 1566 830 1605 Hierocles
845 1564 997 1604 Christo
1023 1565 1304 1617 aequiparavit:

38 1632 173 1660 contra
186 1634 301 1673 quem
314 1620 496 1660 Eusebius
511 1619 660 1671 scripsit.
672 1619 815 1659 COGN.
829 1619 956 1658 Securi
968 1619 1027 1658 hic
1039 1618 1078 1658 su
1085 1632 1169 1657 mus
1179 1632 1307 1658 emen-

37 1674 229 1714 dationem
245 1674 429 1714 Marcilii:
449 1688 534 1713 nam
550 1674 603 1722 τῷ
617 1673 715 1712 deest
730 1674 768 1712 in
786 1672 924 1712 nostris
943 1672 1058 1711 libris.
1080 1673 1150 1712 Sed
1171 1673 1215 1712 ad
1233 1673 1303 1713 alia

32 1729 170 1769 venio.
188 1729 362 1768 Medicus
375 1728 436 1768 ille
449 1728 489 1768 δι
500 1727 609 1767 simul
624 1740 781 1779 magus,
799 1740 886 1766 cum
903 1726 1116 1778 Apollonio
1131 1727 1303 1777 Tyaneo

35 1782 105 1827 „diu
121 1782 294 1822 versatus
307 1782 430 1821 fuerat
441 1811 452 1828 ‚
469 1783 536 1835 qui
549 1781 665 1834 paulo
677 1792 767 1820 ante
780 1778 1023 1820 centesimum
1037 1793 1058 1819 a
1069 1780 1224 1820 Christo
1242 1794 1306 1820 na-

31 1845 82 1878 so
96 1849 239 1875 annum
252 1867 263 1884 ‚
283 1837 440 1881 eodem,
456 1850 537 1889 quo
553 1836 706 1883 Nerva,
719 1845 894 1887 tempore
905 1865 916 1881 ‚
938 1846 1115 1873 mortuus
1128 1836 1302 1875 traditur.

34 1889 166 1930 Huius
185 1891 364 1930 imberbis
378 1890 501 1929 adhuc
515 1889 715 1939 discipulus
735 1888 969 1928 Alexander:
988 1889 1086 1927 unde
1108 1887 1218 1928 facile
1239 1902 1303 1940 pa-

35 1953 90 1986 tet
100 1975 113 1991 ,
125 1943 232 1983 initio
246 1943 325 1983 fere
339 1944 457 1983 seculi
472 1943 766 1983 secundinarum
782 1942 1063 1990 Alexandrum3
1079 1943 1184 1995 quod
1197 1943 1301 1995 opti-

13 2021 19 2027 ·
38 2011 101 2038 me
115 1999 302 2038 convenit
314 2010 404 2037 cum
423 1998 486 2043 iis,
502 2010 600 2050 quae
616 1997 660 2036 de
677 2010 725 2035 eo
744 1996 805 2035 hic
824 1996 1039 2041 traduntur,
1056 1996 1225 2034 nondum
1245 1995 1301 2035 se·

34 2052 326 2106 ptuagenarium
343 2050 528 2091 deceffiffe
545 2050 613 2090 sub
636 2050 750 2089 finem
764 2050 911 2101 imperii
934 2050 989 2088 M.
1006 2050 1151 2088 Aurelii
1172 2050 1300 2089 Anto-

36 2107 138 2152 nini,
159 2106 265 2159 quod
276 2119 325 2145 ex
339 2104 440 2158 seqq.
457 2106 673 2157 patebit..V.
688 2117 785 2156 quae
802 2105 847 2143 de
859 2103 961 2143 bello
977 2103 1299 2143 Marcomannico

34 2159 151 2201 haber
161 2173 192 2199 c.
206 2159 268 2209 48.
283 2159 439 2200 SOLAN.
454 2159 766 2198 Emendationem
778 2157 939 2197 Marcilii
950 2158 1044 2196 adeo
1059 2157 1300 2197 necessariam

33 2213 270 2260 existimavi,
291 2223 335 2253 ut
355 2226 437 2252 eam
454 2213 660 2265 receperim
673 2242 684 2259 ‚
705 2223 840 2252 contra
857 2211 938 2251 edd.
960 2211 1172 2259 Rn-rzffqz
1194 2211 1299 2252 ,πάνυ

0 2284 2 2286 ’
37 2280 116 2308 non
130 2279 353 2320 comparent
368 2268 406 2305 in
420 2267 491 2306 Ms.
506 2267 603 2319 Reg.
620 2280 689 2319 30¹
702 2280 733 2304 1.
749 2266 789 2305 δι
802 2265 926 2304 abeffe
936 2265 1022 2303 vult
1032 2265 1076 2304 B.
1089 2265 1134 2303 de
1147 2264 1242 2304 Ball.

0 2382 3 2408 l

89 2324 162 2361 ead.
177 2323 201 2360 l.
223 2335 279 2361 10.
293 2320 516 2375 pryfpsioev
548 2322 641 2360 Non
655 2319 705 2360 fic
720 2320 765 2359 de
775 2333 824 2359 eo
839 2318 1019 2358 sentiebat
1031 2318 1296 2366 Philostratus,v

36 2376 102 2429 qui
115 2376 188 2415 viri
199 2376 316 2414 vitam
330 2374 502 2428 conscrip
520 2386 560 2419 it,
577 2375 691 2414 etiam
709 2386 811 2414 nunc
825 2372 1046 2412 exstantem.
1058 2373 1148 2411 Non
1164 2372 1295 2411 Euna-

34 2430 143 2481 pius,
166 2431 233 2482 qui
252 2429 290 2468 in
313 2442 489 2483 prooem.
512 2429 558 2467 ad
579 2429 646 2467 vit.
666 2428 782 2480 Soph.
803 2425 1008 2475 ὲπιὸημίαν
1030 2427 1066 2464 ἐς
1089 2425 1291 2477 ἀνθρώπους

35 2481 119 2526 θεοῦ
127 2513 139 2533 ,
151 2483 291 2524 librum
307 2496 395 2525 eum
407 2482 555 2524 inscribi
568 2482 651 2523 iure
665 2480 827 2536 potuiffe
839 2480 1022 2521 censebat.
1036 2480 1141 2520 Ante
1154 2479 1294 2520 Lucia-
