1730 3326
434 204 528 260 ‘540
621 191 1490 246 ANNOTATIONES

430 298 493 323 τον
505 283 632 335 {Kampe
646 284 752 324 συνὼν
764 284 861 323 ἐνίοις
872 281 1008 330 αὐτῶν,
1019 283 1138 334 μόνοις
1149 282 1535 334 ἑξιστέιμενος,ὃπ6σ·οι
1546 283 1590 323 ἂν
1597 283 1678 326 &e2

433 336 474 375 h.
489 348 519 374 e.
530 337 611 389 plus
625 352 700 377 vero
712 338 858 388 minusve
869 338 1084 376 deleaaharur
1093 337 1326 387 consuetudine
1339 339 1542 390 quorundam
1560 352 1603 377 ex
1616 340 1677 387 iis,

432 390 585 428 devitans
588 390 698 440 fhlos,
716 392 907 443 quicunque.
931 390 1267 442 Quemadmodum
1289 391 1347 429 hic
1369 391 1521 430 Lucian.
1540 389 1676 443 ἔχαιρε

432 441 543 482 συνὼν
556 442 666 487 ἐνίοις,
678 445 728 482 ita
740 443 1097 496 Xenoph.1(.n.11‚
1122 457 1135 481 1
1148 456 1165 490 5
1177 474 1188 489 ‚
1210 440 1348 491 {iseum
1361 443 1475 482 συνὼν
1486 444 1618 492 τούτῳ.
1630 443 1676 483 L.

429 496 531 535 Bos.
547 494 837 536 Distinftionem
852 509 874 535 a
885 496 925 535 L.
940 496 1018 536 Bos
1030 495 1261 550 propositam
1277 495 1359 536 sum
1373 496 1539 545 secutus,
1553 495 1675 550 pristi-

430 561 521 588 nam
540 548 739 589 abolendo.
762 550 904 589 Rerrz.

489 603 560 641 ead.
576 603 600 640 l.
624 602 808 655 13.‘·r7r'÷;›
826 604 892 641 τὴν
913 600 980 641 τῆς
1001 601 1201 653 θεραπείαις
1224 601 1367 641 ἑλτίὸοι
1386 601 1682 654 δίειμαρτέινειν)

432 655 670 701 Benedictus,
680 668 813 708 propter
819 657 912 708 spem
924 655 1066 707 obsequii
1077 656 1268 708 delinquere,
1285 667 1334 694 ex
1353 655 1565 707 Obsopoeo
1577 686 1589 703 ‚
1608 656 1676 708 qui

432 708 595 759 largius,
611 722 741 761 propter
748 715 841 762 spem
862 710 998 748 exhibiti
1011 709 1153 761 obsequii
1164 710 1354 761 delinquere.
1380 708 1570 748 Mirabiles
1590 721 1676 748 ver-

432 759 567 800 siones.
592 762 756 814 Intellige
761 763 870 816 supra
873 763 968 814 spem
978 762 1212 801 emendationis
1221 763 1411 814 delinquere.
1432 761 1576 801 GRON.

487 817 560 853 ead.
577 815 599 853 l.
616 829 674 864 ¹4·
698 819 805 854 Μετὰ,
819 817 980 867 Χαρίτων
993 816 1057 853 καὶ
1075 814 1308 866 ’Amasi-tm)
1330 814 1443 855 Conf.
1456 813 1680 868 Alciphr.1,

433 866 504 920 Ep.
524 867 588 919 38,
601 882 635 920 p.
657 868 742 916 180,
754 870 880 921 ibique
891 879 969 908 not.
983 868 1161 921 Bergleri.
1183 868 1327 907 Rmz.

487 923 562 959 ead.
574 922 598 960 l.
621 935 635 960 1
649 935 679 973 ς.
705 922 891 974 Κωμιιών)
913 922 1069 974 Eupolis.
1088 922 1174 961 Vid.
1189 921 1438 974 fragmentum
1461 921 1615 961 allatum
1638 920 1683 961 in

434 974 538 1014 notis
551 974 596 1013 ad
609 980 712 1026 Nryp.
726 987 759 1014 c.
778 990 813 1023 4.
836 975 992 1015 Somne.

488 1029 555 1065 ead.
575 1029 601 1066 l.
624 1030 681 1068 16.
706 1029 772 1067 Τὴν
788 1028 901 1067 Πειθὼ
919 1028 994 1067 τοῖς
1008 1028 1180 1079 χείλεσιν
1197 1027 1290 1080 διε.)
1308 1027 1438 1067 Utitur
1453 1027 1491 1067 δι
1506 1027 1678 1094 Alciphr.

433 1079 453 1119 I
466 1111 477 1126 ,
495 1094 552 1130 ep.
569 1080 633 1134 38,
647 1095 730 1135 pag.
749 1081 819 1132 178
835 1081 859 1121 f.
883 1082 943 1121 ἐπ’
957 1083 1074 1133 ἄκροις
1091 1096 1151 1130 μοι
1167 1080 1275 1118 δοκεῖ
1287 1081 1363 1119 τοῖς
1375 1082 1549 1132 χείλεσιν
1562 1080 1681 1122 ειν-τῆς

434 1134 601 1173 ἐκάθισεν
620 1132 638 1175 ἦ
655 1134 780 1174 Πειθώ.
805 1134 867 1175 Ad
881 1148 979 1187 quae
1000 1135 1117 1174 verba
1138 1134 1302 1188 Bergler.
1315 1134 1408 1174 haec
1421 1135 1577 1175 Luciani
1590 1135 1682 1174 alia-

434 1200 514 1240 que
529 1186 664 1228 afferre
674 1201 752 1227 non
765 1187 816 1228 est
829 1188 981 1228 oblitus.
1006 1188 1144 1228 RnTz.

489 1241 579 1293 Pag.
593 1256 679 1293 237.
694 1242 717 1280 l.
735 1256 767 1294 3.
786 1240 1012 1294 Κρειττόνων)
1032 1242 1151 1281 Verte
1162 1257 1204 1280 ex
1216 1242 1311 1282 Diis.
1324 1243 1510 1282 KUSTER.
1525 1241 1615 1282 vid.
1627 1243 1682 1282 ’A.

434 1297 541 1344 μισέῐ,
556 1307 590 1333 c.
608 1294 644 1333 8.
665 1295 822 1334 SOLAN.

490 1349 563 1385 ead.
576 1348 598 1386 l.
610 1361 643 1396 4.
659 1347 710 1387 Οι]
723 1348 822 1396 μεῖον
838 1348 904 1387 τοῦ
915 1350 1021 1399 παρὰ
1033 1347 1110 1388 τοῖς
1122 1345 1250 1400 mae.)
1268 1348 1480 1388 Delendum
1493 1347 1629 1388 censeo
1644 1348 1685 1387 '11-

434 1399 501 1440 lud
513 1398 595 1449 τοῦ,
607 1414 695 1441 cum
709 1401 924 1441 sententiam
938 1401 1128 1441 obscuret.
1141 1401 1296 1442 SOLAN.
1314 1402 1405 1441 Non
1421 1401 1504 1444 satis
1517 1402 1611 1442 haec
1626 1403 1687 1441 in·

436 1454 578 1506 telligo.
602 1454 639 1494 Si
654 1454 723 1494 τοῦ
736 1455 850 1501 abfit,
864 1456 965 1504 μεῖον
981 1455 1152 1508 respiciet
1167 1455 1212 1493 ad
1231 1467 1400 1495 amorem
1415 1456 1452 1495 δι
1467 1456 1688 1495 admiratio-

435 1520 538 1556 nem,
553 1508 598 1548 de
612 1522 688 1561 qua
699 1509 815 1549 modo
825 1508 983 1549 dictum:
999 1508 1026 1547 s1
1039 1509 1273 1549 retinendum
1284 1507 1349 1556 est,
1361 1508 1532 1548 excidisse
1543 1521 1685 1549 nomen

437 1561 604 1601 Socratis
616 1563 751 1602 dicam.
767 1563 921 1602 Interim
939 1563 1050 1609 verti,
1062 1574 1106 1602 ut
1118 1563 1236 1602 verba
1254 1563 1386 1602 iacent.
1408 1561 1533 1602 stn.

490 1618 563 1654 ead.
577 1616 600 1653 l.
613 1615 648 1654 8.
672 1615 769 1655 Οὔτε
790 1615 884 1655 θύων
904 1615 995 1664 ὤφθη
1016 1616 1199 1669 πώποτε)
1223 1615 1470 1656 Contrarium
1485 1616 1596 1656 docet
1609 1616 1687 1656 Xe-

439 1669 560 1720 noph.
573 1669 610 1707 in
626 1669 838 1709 Memorab.
852 1670 894 1709 L.
911 1669 951 1716 1,
970 1684 1005 1722 p.
1025 1682 1112 1721 570,
1126 1683 1211 1721 571,
1231 1670 1288 1708 ed.
1303 1668 1410 1709 Bam.
1433 1669 1503 1709 Sed
1516 1682 1602 1709 cum
1614 1669 1687 1709 So-

436 1733 562 1762 crates
575 1722 620 1762 de
633 1721 872 1763 facultatibus
886 1723 1029 1775 exiguis
1043 1724 1183 1776 exigua
1198 1721 1300 1762 sacra
1321 1721 1460 1762 faceret
1471 1752 1484 1768 ,
1507 1723 1624 1763 nihilo
1648 1722 1687 1763 se

439 1775 600 1827 putabat
617 1777 739 1816 minus
751 1776 960 1829 praestare,
973 1789 1088 1828 quam
1109 1777 1193 1816 illos
1204 1805 1214 1820 ,
1238 1776 1306 1828 qui
1329 1777 1374 1815 de
1389 1776 1533 1829 magnis
1551 1777 1690 1830 opibus

438 1829 580 1869 multas
594 1829 636 1869 δι
657 1831 798 1884 amplas
810 1830 947 1870 hostias
961 1830 1174 1870 caederent.
1192 1830 1336 1869 Rerrz.

494 1886 567 1922 ead.
581 1884 605 1921 l.
619 1898 656 1935 9.
675 1883 765 1923 Ταῖς
777 1883 1029 1936 Ἐλευσινίαις)
1049 1883 1193 1923 Scilicet
1211 1881 1396 1922 τελεταῖς.
1415 1883 1583 1924 GUYET.

495 1938 569 1976 ead.
581 1938 605 1975 l.
621 1950 679 1977 10.
701 1937 927 1985 Ἀνιιλοιβὼιῡ
945 1936 1085 1977 Forsan
1096 1937 1302 1983 ὰναβαλὼν·
1323 1948 1425 1977 certe
1444 1937 1586 1977 Nostro
1601 1936 1692 1978 ἑυνα,

440 1989 530 2037 βολὴ
543 2003 593 2031 eo
609 1989 714 2031 sensu
727 1990 916 2045 frequens.
938 1990 1094 2030 SOLAN.

496 2046 570 2083 ead.
582 2046 606 2083 l.
623 2058 637 2082 1
650 2057 681 2094 ς.
695 2040 792 2084 Οὗὸὲ
803 2048 880 2098 ’γὰρ
891 2043 1062 2097 seso-Bai)
1075 2044 1222 2082 Minue.
1233 2043 1310 2083 Fel.
1321 2042 1503 2083 O&avi0.
1512 2044 1686 2084 Bonan.

501 2099 589 2148 Pag.
607 2098 693 2151 238.
708 2099 731 2136 l.
752 2111 809 2146 14.
827 2098 918 2137 ’Am-b
935 2097 1158 2149 Φαβωρίνου)
1182 2097 1245 2137 De
1266 2110 1347 2149 quo
1366 2097 1572 2137 Philostrat.
1594 2097 1690 2138 lib.1

444 2150 650 2203 Sophistar.
673 2150 816 2191 CoGN.
848 2151 1046 2202 Φαβωρῖνος
1069 2151 1200 2190 Latine
1223 2149 1453 2190 scribendum
1477 2152 1691 2200 Favorinus,

443 2205 546 2258 (non
557 2204 792 2258 Phavorinus)
803 2215 846 2244 ut
860 2205 932 2244 iam
945 2205 1085 2257 pridem
1100 2205 1247 2244 monuit
1261 2203 1419 2244 lensius:
1433 2203 1485 2244 est
1497 2205 1596 2244 enim
1611 2204 1693 2244 Ro·-

445 2271 600 2297 manum
614 2270 757 2298 nomen
774 2272 794 2297 a
803 2257 922 2309 favor,
946 2269 988 2297 ut
1002 2258 1212 2309 Cenfim'nus‚
1234 2271 1256 2297 a
1271 2258 1393 2310 Cenfin
1409 2259 1484 2298 διε.
1509 2257 1691 2298 olearias

442 2314 492 2352 ad
508 2311 676 2351 Philostr.
690 2312 768 2351 Vit.
780 2312 940 2364 Sophist.
956 2311 993 2360 1,
1007 2311 1023 2361 §
1039 2311 1078 2359 8,
1094 2326 1129 2363 p.
1143 2311 1230 2364 489.
1257 2311 1403 2352 Rm'rz.

501 2369 573 2404 ead.
590 2366 614 2405 l.
634 2379 691 2413 ¹7·
708 2366 776 2404 Καὶ
786 2366 963 2416 μάλιστα
976 2365 1046 2405 τῶν
1061 2366 1094 2405 ἐν
1112 2363 1246 2404 αὐταῖς
1259 2365 1400 2417 μελῶν)
1417 2365 1480 2405 Sic
1499 2365 1591 2405 haec
1608 2377 1693 2404 ver-

447 2419 495 2458 ba
509 2419 633 2458 bonus
645 2418 877 2471 Obsopoeus
887 2420 1152 2468 interpretatus
1166 2418 1218 2458 est
1228 2449 1239 2464 ,
1261 2418 1366 2471 quasi
1379 2419 1558 2458 hocloco
1569 2417 1697 2469 μελῶν

447 2473 494 2513 de
508 2473 687 2514 membris
700 2473 964 2528 accipiendum
976 2471 1076 2514 effet.
1098 2472 1299 2514 Infeliciter
1311 2483 1414 2514 certe
1423 2502 1434 2522 ,
1448 2485 1497 2514 ne
1513 2472 1634 2513 dicam
1644 2472 1698 2518 ri»,
