1730 3326
380 180 1080 260 INAMO‘RES.
1268 218 1355 280 565

82 302 268 355 praeda—
280 302 547 354 remorata-(iant.
564 301 641 342 Ubi
654 302 761 354 plura
775 301 949 342 Cottius.
965 302 1074 341 Adde
1087 315 1118 342 c.
1135 302 1185 343 66
1195 334 1206 349 ‚
1225 318 1245 342 2
1259 335 1270 350 ,
1288 307 1361 343 Va-

84 354 201 407 genses
214 377 258 384 —
273 371 339 409 quo
350 358 549 408 praefidium
564 355 787 409 imposuerat,
811 357 835 395 i.
860 369 892 395 e.
907 369 988 408 quo
1005 357 1102 402 loci,
1120 358 1184 396 vel
1202 359 1361 408 oppido.

86 407 303 448 CflVechn.
316 409 506 449 Hellenol.
524 424 537 448 ι
550 409 610 461 58,
623 410 770 462 nosque
781 411 826 448 ad
839 424 860 448 2
874 409 967 449 Ver.
980 410 1073 448 Hist.
1087 410 1101 459 §
1115 425 1161 463 43
1178 409 1199 449 f.
1211 411 1358 451 Rmrz.

141 461 233 515 Pag.
250 476 336 512 270.
351 464 375 502 I.
396 477 427 502 1.
442 463 516 502 Τῶν
529 464 596 513 μὲν
611 463 892 514 ἀστικῶν)Τοΐς
909 463 1081 502 ἀστικοῖς
1101 464 1280 516 opposuit
1296 470 1359 505 rhu

86 518 283 555 πολιτικὴν
296 516 433 568 ὅχλον,
447 517 602 555 notabili
615 515 832 556 discrimine.
846 517 1036 555 MARcu.
1051 517 1194 555 Mirum
1208 518 1273 564 est,
1286 519 1360 558 Lu-

85 568 242 607 cianum
258 582 456 623 opponere
469 569 554 609 τοὺς
567 569 747 609 ἀστακοὺς
761 569 812 618 τῷ
829 570 1017 618 πολιτικῷ
1029 570 1156 621 ὔχλῳ.
1175 571 1275 609 Nam
1289 573 1362 611 πό-

85 632 147 660 λις
166 622 207 660 &
219 623 319 662 ἄστυ
337 624 471 663 urbem
486 623 678 676 significat.
697 622 770 662 Etsi
788 624 847 663 hic
867 623 978 662 locus
992 624 1087 663 bene
1108 623 1142 662 se
1158 624 1270 664 habet
1283 655 1294 670 ,
1307 625 1362 664 fa-

85 685 175 714 teor
188 688 254 715 me
265 688 343 716 non
355 677 563 729 intelligere
575 690 659 716 eam
675 675 936 716 differentiam.
950 676 1080 716 Credo
1102 676 1276 730 scripsiffe
1288 679 1364 718 Lu·

86 728 241 768 cianum
252 759 262 776 ‚
292 730 363 770 τῶν
389 730 459 781 μὲν
485 732 676 784 ἀγροίκων.
700 731 800 769 Nam
819 731 1078 770 habitantibus
1096 732 1135 770 in
1160 733 1256 784 agris
1281 745 1362 772 non

86 791 166 821 tam
191 782 340 835 placent
364 784 533 824 trichilae
557 785 596 824 &
620 785 803 824 arborum
831 784 1087 837 implexarum
1110 787 1362 835 umbracula,

87 836 232 888 quippe
246 838 385 888 quibus
402 838 489 877 talia
504 839 673 891 quotidie
697 838 734 876 in
754 837 828 877 suis
850 838 975 884 fulvis,
991 838 1110 878 hortis
1130 839 1171 877 δι
1189 841 1286 892 agris
1301 841 1363 879 vi-

88 890 238 929 dentur.
257 892 420 931 Urbium
433 892 587 932 civibus
601 904 697 932 vero
710 922 721 938 ‚
735 892 801 944 qui
815 891 906 930 nihil
923 892 1024 931 aliud
1035 921 1045 938 ‚
1062 905 1175 944 quam
1192 907 1362 933 marmo-

86 954 132 982 ra
148 942 189 982 &
203 945 327 984 nudos
341 945 503 996 lapides,
515 947 648 985 vident
658 975 669 992 ,
685 945 909 985 iucundiora
923 944 1007 984 sunt
1021 946 1204 985 viridaria
1217 946 1258 985 ἃ
1274 947 1362 986 hor-

86 1006 220 1036 torum
235 999 487 1038 amoenitates
499 1030 509 1047 ‚
526 999 566 1038 δι
581 1001 762 1038 arborum
776 1011 912 1038 comae
924 999 1172 1039 luxuriantes.
1185 1000 1301 1045 Nam,
1315 1013 1359 1040 ut

87 1050 141 1090 ait
157 1050 324 1103 Satyra,
335 1075 379 1082 -
395 1055 588 1104 voluptates
601 1055 807 1092 commendat
819 1055 927 1090 rarior
944 1053 1037 1104 usus.
1054 1053 1146 1091 Ideo
1157 1054 1194 1091 in
1209 1067 1259 1092 eo
1278 1054 1361 1093 Ve-

86 1104 190 1144 neris
211 1107 301 1146 luco
326 1106 462 1145 urbani
485 1106 705 1160 frequentes
729 1105 864 1146 festum
888 1105 981 1145 illud
1005 1107 1205 1159 agitabant.
1222 1107 1361 1147 PALM.

87 1158 191 1198 Vide
203 1160 364 1199 omnino
376 1160 548 1201 Dionem
563 1159 761 1211 Chrysost.
781 1173 831 1199 m.
854 1160 903 1200 68
921 1160 968 1199 C.
984 1161 1082 1211 apud
1097 1174 1213 1212 quem
1228 1173 1360 1215 oppo-

87 1212 191 1252 nitur
211 1213 399 1263 βαναύσῳ.
421 1214 579 1253 SOLAN.
593 1215 682 1253 Τοὺς
707 1213 887 1252 ἀστακοὺς
907 1212 948 1252 &
967 1214 1052 1252 τοὺς
1071 1214 1286 1254 πολιτικοὺς
1308 1216 1360 1254 ita

87 1265 263 1319 distingui
283 1267 390 1320 poste
411 1268 616 1319 putabam,
643 1267 823 1320 utipsum
850 1266 951 1306 ἂστυ
978 1268 1019 1308 8(
1041 1267 1151 1308 πόλις
1174 1267 1360 1309 differant.

87 1319 240 1373 Nempe
253 1318 358 1360 ἄστυ
374 1322 465 1361 urbs
477 1322 542 1368 est,
556 1333 673 1375 caput
690 1335 837 1367 rerum,
854 1321 967 1360 πόλις
982 1322 1130 1367 civitas,
1149 1335 1248 1374 quae
1265 1324 1362 1362 mul-

87 1384 132 1413 to
158 1385 261 1426 patet
284 1375 409 1415 latius.
429 1376 618 1425 Ἀστικσὶ,
646 1377 789 1422 urbani,
810 1385 853 1414 ut
878 1373 940 1421 fit,
966 1375 1228 1428 negligebant,
1249 1379 1361 1416 cuius

87 1428 316 1480 quotidiana
327 1441 410 1469 erat
425 1431 536 1482 copia
549 1445 561 1477 3
576 1429 710 1482 reliqui
727 1430 835 1467 cives
857 1429 897 1468 &
906 1430 1104 1481 populares,
1121 1429 1360 1481 aliquantum

86 1483 340 1529 remotiores,
356 1492 466 1522 tanto
489 1484 650 1523 obibant
670 1483 906 1534 diligentius,
922 1484 1074 1535 quoties
1093 1483 1137 1521 ad
1155 1485 1289 1522 urbem
1308 1483 1363 1524 es-

87 1534 182 1576 sent.
199 1536 327 1577 Gnsn.
339 1536 524 1576 Ἀστυκῶν
541 1537 627 1578 fecit
646 1537 684 1575 in
696 1537 783 1575 ΑΜ.
806 1549 836 1575 ι.
851 1536 935 1575 ead.
953 1549 1107 1583 manus,
1124 1550 1223 1589 quae
1238 1539 1363 1578 varias

88 1588 191 1630 lent.
205 1602 272 1630 aut
286 1591 489 1631 emendatt.
507 1592 546 1630 in
568 1604 686 1643 marg.
703 1589 966 1638 soleraddere,
986 1590 1024 1628 in
1041 1589 1122 1641 ipso
1138 1603 1246 1630 textu
1266 1606 1286 1629 υ
1302 1591 1365 1631 su-

87 1642 334 1696 perscribens.
347 1644 422 1685 Sed
434 1658 577 1686 vanam
597 1644 671 1685 effe
692 1644 789 1684 hanc
808 1643 1088 1684 correfflonem
1102 1673 1112 1691 ,
1129 1645 1286 1698 quilibet
1304 1647 1364 1686 vi-

87 1697 163 1737 det.
179 1697 326 1738 ΚΕΗ-Ζ.

145 1755 218 1792 ead.
233 1754 257 1792 l.
275 1767 312 1802 4.
329 1752 472 1805 Παρίοις
487 1751 531 1792 Σὲ
548 1751 676 1805 λίθου)
698 1751 750 1791 At
773 1764 890 1791 verus
903 1751 1036 1804 utique
1053 1751 1243 1791 Lucianus
1261 1753 1300 1791 in
1323 1757 1361 1796 Z.

89 1809 149 1857 Tp.
170 1819 251 1858 cap.
271 1820 342 1852 10,
367 1820 390 1847 e
411 1819 603 1846 marmore
627 1806 824 1846 Pentelico
844 1805 1041 1846 aitfa&am
1059 1807 1253 1846 Venerem
1271 1806 1364 1847 Cni-

87 1860 202 1900 diam.
218 1860 379 1900 SOLAN.

144 1917 220 1954 ead.
232 1916 258 1954 I.
270 1912 630 1966 amramisiffim)
646 1913 809 1953 Veneris
830 1912 989 1954 Cnidiae
1012 1913 1221 1966 templum,
1244 1914 1291 1955 &⁷
1305 1914 1365 1955 lu-

88 1981 204 2016 cum,
225 1968 266 2008 &
286 1968 449 2008 statuam
467 1968 663 2007 Lucianus
687 1968 747 2008 bic
772 1969 923 2021 egregie
937 1967 990 2008 est
1009 1967 1235 2015 exsecutus,
1258 1980 1301 2007 ut
1323 1969 1366 2009 δι

87 2021 181 2064 Plin.
202 2022 266 2062 lib.
282 2024 343 2075 36.
357 2022 503 2062 Come.

145 2078 221 2116 ead.
236 2078 260 2116 l.
272 2076 306 2116 8.
324 2075 555 2127 Λεληθὸτως)
571 2074 772 2127 Pet-peram
788 2075 971 2122 redditur,
987 2075 1091 2115 oblita
1099 2075 1170 2127 sui.
1188 2075 1250 2115 Est
1263 2076 1365 2116 enim

88 2131 242 2178 latenter,
257 2143 301 2170 ut
315 2131 521 2170 Anacreon
538 2129 612 2169 Od.
632 2129 691 2167 28.
712 2130 752 2169 L.
774 2130 874 2169 BOS.
890 2129 1018 2181 Quod
1031 2130 1073 2169 L.
1092 2130 1171 2169 Bos
1187 2130 1223 2168 in
1245 2130 1368 2182 pristi-

88 2197 143 2224 na
159 2184 342 2225 versione
352 2184 596 2236 reprehendit
608 2213 618 2229 ‚
640 2184 676 2222 id
690 2182 883 2224 Gesnetus
901 2196 950 2222 ex
970 2182 1007 2223 se
1023 2184 1098 2222 iam
1116 2185 1304 2230 correxit,
1326 2185 1366 2223 δι

90 2252 153 2278 res
169 2249 251 2278 erat
271 2238 476 2278 manifesta.
495 2237 788 2291 Habuimusque
802 2250 881 2277 non
903 2236 1017 2277 semel
1033 2237 1139 2286 alibi,
1161 2249 1205 2276 ut
1223 2238 1369 2291 patebit

90 2306 141 2334 ex
159 2293 300 2333 Indice.
322 2292 472 2332 Rmz.

146 2349 227 2386 ead.
243 2348 267 2386 l.
285 2361 343 2386 12.
355 2344 580 2398 Ἐμβεήσ-ας)
593 2344 747 2390 Fateor,
764 2341 979 2390 ἀναβοήσεις
998 2344 1170 2384 usitatius
1190 2344 1282 2392 effe,
1300 2357 1368 2388 eo-

91 2414 170 2455 que
182 2401 321 2440 iterum
334 2413 418 2453 cap.
433 2399 508 2453 seq.
523 2401 645 2439 utitur
660 2398 813 2447 Noster,
826 2412 870 2439 ac
882 2398 1089 2439 sexcenties
1108 2399 1206 2438 alibi.
1216 2400 1369 2438 Verum

91 2456 182 2495 ideo
197 2455 313 2495 unius
327 2457 397 2493 W.
415 2454 617 2494 leffionem
630 2466 713 2492 nou
728 2453 886 2506 sequor:
906 2465 996 2492 nam
1011 2454 1052 2493 δι
1070 2452 1205 2504 ἐμβοξὶν
1218 2452 1320 2491 reete
1332 2451 1371 2492 se

92 2509 230 2562 habet,
247 2509 466 2563 iterumque
481 2507 531 2549 fic
551 2506 649 2548 infra
664 2507 818 2554 Noster,
832 2507 878 2547 de
897 2507 1022 2547 LuGtu
1045 2519 1076 2546 c.
1095 2521 1112 2546 1
1125 2505 1289 2560 ς,μεῖζον
1302 2507 1368 2558 ἐμ.

996 2560 1118 2613 Ne3
