1730 3326
86 206 186 250 IN
250 206 366 252 DE
432 204 1282 273 SALTATIONIQ459

21 292 96 333 est:
113 292 230 344 magis
241 303 366 333 autem
383 293 541 342 mirum,
558 295 653 334 idem
672 295 806 334 vitium
825 296 862 333 in
883 295 1012 336 decem
1032 296 1112 335 edd.
1134 297 1282 346 iterari,

22 358 111 385 cum
127 346 328 386 oculorum
342 347 522 386 iudicium
536 349 600 387 vix
613 347 781 399 effugere*
796 348 898 401 poffe
912 350 1094 388 videatur.
1117 349 1187 388 Sed
1201 350 1281 389 for*-

21 398 84 438 san
99 399 289 438 credidere
312 399 393 439 ἐστὶ
417 400 544 440 denuo
566 401 866 453 intelligendum:
889 402 961 441 iam
983 415 1080 441 vero
1102 415 1179 441 non
1199 417 1281 442 am·-

21 451 118 505 plius
133 452 296 492 credent.
306 452 410 491 Bene
424 454 576 504 quidem
592 454 628 493 se
640 455 794 494 haberet
807 455 938 506 τρίτον,
954 456 1057 507 quod
1071 455 1185 496 Gesn.
1200 468 1280 496 non

21 505 100 543 visa
119 504 246 544 nostra
260 506 547 552 emendatione,
566 509 748 547 coniecit:
772 509 845 547 iam
860 521 957 547 vero
979 510 1016 547 in
1036 509 1107 547 hac
1129 511 1281 561 acquie-

20 556 116 605 scet,
132 557 222 598 scio.
236 557 380 598 Rmz.
396 559 516 600 Reue
531 571 682 599 curatus
704 562 835 607 locus,
857 562 918 600 cui
938 560 1045 600 facile
1061 561 1175 601 fuerit
1194 574 1281 602 vet·-

20 611 167 651 fionem
180 613 473 652 accommodare
484 643 497 659 ‚
513 615 608 652 tertia
623 614 769 665 affusum
785 614 963 653 Sicinnidc.
978 615 1105 655 GESN.

71 663 319 705 ead.l.1'1.’Ev
335 666 469 718 ἰιρχῇ)
485 665 599 706 Conf.
614 666 719 719 supra
737 667 752 716 §
770 681 802 719 3.
822 667 979 706 SOLAN.

72 719 146 757 ead.
159 718 182 757 l.
199 732 256 771 13.
272 719 469 772 Κυκλίους)
485 719 539 759 At
553 719 689 772 supra§
706 735 726 760 2
744 721 945 760 habuimus
964 717 1138 761 αὗλητέις
1156 733 1279 761 κυκλι-

21 771 115 810 κούς.
138 771 184 810 Et
203 773 293 824 quia
315 782 523 826 utrumque
546 773 711 821 bonum,
738 786 861 824 neque
882 775 942 813 hic
960 776 1155 814 varietatis
1176 775 1281 827 quids-

19 837 134 876 quam
156 825 335 872 invenio,
354 826 557 866 variandae
574 828 759 867 orationis
780 826 891 868 causa
913 839 1122 882 utrumque
1138 829 1282 868 adhibi-

19 888 102 917 tum
119 879 324 919 credamus.
346 879 487 919 Rmz.

74 932 154 971 ibid.
167 931 386 985 ’Eva‘yassvtae)
401 934 508 973 Varii
519 945 628 973 erant
641 933 770 974 mufici
783 935 1041 987 agones.Vide
1054 935 1150 975 Plut.
1165 948 1280 988 2077,

21 997 44 1024 2
54 1012 69 1031 ,
83 985 123 1024 &
137 984 319 1025 Nostrum
333 986 490 1026 Ἀποιιδὲ.
503 1001 535 1027 c.
550 988 584 1025 8.
602 988 757 1027 SOLAN.

71 1038 162 1092 Pag.
178 1052 261 1088 140.
274 1041 298 1078 l.
315 1052 344 1090 3.
358 1041 503 1093 Φοβερὶιν
516 1042 665 1093 δέωμαι)
676 1041 836 1093 Tragica
851 1040 1021 1094 persona.
1038 1041 1205 1082 GUYET.

6 1121 8 1123 >
70 1096 144 1131 ead.
162 1094 186 1130 l.
209 1107 246 1142 4.
269 1093 511 1148 Ἠσκημένος)
533 1094 700 1145 Vulgata
722 1095 816 1134 haec
845 1094 959 1134 lectio
983 1096 1051 1134 vix
1073 1095 1281 1136 tolerabilis

14 1145 210 1192 ,nonnullis
229 1147 433 1194 videbitur,
455 1161 499 1187 ac
521 1148 735 1200 praeferent
758 1147 887 1188 Pelleti
909 1148 1132 1202 scripturam
1153 1150 1280 1202 ἐσχη-

17 1200 258 1249 ματεσμὲνος.
271 1200 324 1239 At
337 1199 462 1240 forsan
476 1202 665 1241 Lucianus
679 1203 819 1241 dederit
833 1199 1043 1254 ηὐξημένος.
1055 1201 1126 1242 Sed
1137 1204 1188 1242 nil
1200 1217 1282 1242 mu·-

19 1252 129 1299 tabit,
145 1255 211 1306 qui
223 1253 396 1293 conferet
411 1253 510 1307 supr.
524 1269 555 1295 c.
582 1269 623 1307 13
641 1269 696 1308 pr.
715 1255 756 1294 &
769 1255 897 1309 Steph.
911 1255 1024 1296 Thes.
1041 1257 1182 1297 Rmz.

18 1326 21 1327 ⁷
71 1307 148 1346 ibid.
162 1306 363 1357 Ἐμβέοτοιις
377 1307 535 1359 ὑψηλοῖς
553 1309 837 1362 ἐποχούμενος)
856 1310 919 1349 De
941 1310 1054 1350 huius
1070 1311 1145 1350 loci
1166 1313 1279 1350 inter-

17 1362 230 1413 pretatione
254 1361 331 1413 agit
351 1361 549 1413 Cuperus,
575 1362 886 1403 Consecrationis
913 1363 1075 1404 Homeri
1095 1378 1179 1419 pag.
1205 1365 1281 1413 82·‚

18 1426 133 1467 quem
155 1414 328 1455 curiosus
343 1415 525 1455 consulet.
549 1416 777 1455 ALMELov.
794 1418 987 1463 Verrunt,
1008 1419 1088 1456 altis
1109 1420 1279 1458 cothurnis

17 1467 217 1521 ingrediens,
241 1470 341 1508 larva
355 1482 459 1521 caput
477 1471 649 1508 obduaum
671 1471 805 1509 habens.
821 1470 875 1509 At
896 1471 971 1510 hoc
994 1473 1112 1510 modo
1136 1485 1281 1525 nequa-

17 1535 134 1577 quam
148 1523 417 1575 exprimuntur
429 1523 646 1575 posterioris
658 1524 820 1562 membri
834 1525 970 1563 verba:
986 1538 1070 1563 nam
1084 1525 1281 1576 πρόσωπον

17 1575 258 1626 ἐπικείμενος,
272 1575 362 1629 sign.
376 1577 475 1615 larva
486 1590 589 1629 caput
602 1579 773 1616 obdufflam
788 1579 922 1618 habena
940 1577 1048 1629 Quid
1065 1579 1178 1631 igitur
1193 1580 1277 1626 illa,

18 1624 114 1679 ὑπὲρ
127 1628 291 1676 κεφαλῆς
310 1629 599 1680 &va-resumeret&
621 1643 699 1669 non
715 1629 851 1670 frustra
874 1645 919 1670 ea
943 1634 989 1670 ab
1012 1632 1169 1671 auctore
1190 1632 1278 1672 sunt

17 1682 162 1728 addita,
179 1681 241 1723 sed
262 1682 471 1735 fignificare
490 1683 638 1730 voluit,
664 1685 809 1723 larvam
834 1684 974 1725 &ioris
998 1686 1151 1738 Tragici
1172 1686 1278 1727 fuiffe

17 1736 210 1776 extensam
241 1736 350 1789 supra
371 1748 508 1789 caput,
531 1737 612 1776 five
635 1739 817 1777 maiorem
846 1739 887 1777 &
908 1739 1122 1792 longiorem
1147 1739 1278 1790 fuiffe,

19 1802 134 1843 quam
147 1803 218 1843 pro
231 1791 348 1830 modo
363 1791 496 1843 capitis
507 1821 518 1837 ,
537 1802 579 1831 ut
597 1790 735 1830 statura
748 1793 926 1844 grandior
942 1793 981 1832 &
1000 1794 1152 1846 longior
1173 1795 1278 1833 vide·-

19 1854 141 1883 retur:
156 1857 270 1897 quem
283 1846 321 1884 in
334 1843 449 1884 finem
462 1846 574 1884 etiam
588 1845 686 1884 altos
698 1857 778 1884 erat
788 1846 941 1885 indutus
952 1848 1280 1887 cothurnos.Ver-

0 1932 1 1938 ,
18 1906 62 1937 to
77 1898 195 1950 igitur
216 1899 279 1937 illa
298 1898 526 1951 posteriora,
535 1899 679 1952 persona
693 1904 795 1938 teblus
809 1901 974 1955 longiore,
991 1916 1090 1954 quam
1103 1918 1165 1955 pro
1178 1904 1275 1942 modo

0 1949 2 1996 l
17 1951 146 2005 capitis.
161 1952 202 1991 L.
218 1952 316 1992 Bos.

69 2008 143 2046 ead.
157 2007 181 2045 l.
195 2020 233 2058 7.
249 2005 559 2060 Hpoyaorpism)
574 2005 691 2046 Conf.
703 2005 798 2046 infra
813 2011 849 2046 Z.
863 2012 922 2060 Τρ.
935 2020 967 2048 ε.
978 2023 1040 2056 41.
1054 2009 1212 2049 SOLAN.

69 2062 142 2099 ead.
162 2060 186 2098 l.
203 2059 420 2100 10.‘Eow7·⁸ov
435 2060 619 2112 ἀνακλῶν)
633 2061 693 2100 Ad
714 2061 874 2100 verbum
887 2093 899 2110 ‚
912 2061 1095 2114 refringens
1114 2062 1149 2102 se
1169 2063 1210 2102 &
1222 2063 1276 2102 ἰη-

11 2111 179 2166 fringens,
193 2113 381 2154 interdum
396 2115 643 2154 circumcinens.
665 2115 813 2167 Nempe
829 2116 991 2155 verbum
1013 2116 1120 2155 κλέοω
1135 2117 1181 2155 ad
1202 2130 1276 2157 vo-

17 2179 100 2206 cem
112 2167 270 2207 relatum
286 2168 364 2206 vim
379 2168 569 2221 quandam
583 2168 678 2208 sono
697 2169 911 2209 naturali&
924 2170 1012 2210 voci
1028 2171 1123 2210 adeo
1134 2170 1275 2210 illatam

18 2232 139 2260 notat.
158 2220 336 2272 Ἀνοωιλᾷν
355 2220 485 2261 ἑαυτὸν
503 2221 556 2261 est
576 2221 719 2261 sursum
739 2223 778 2261 vi
799 2223 963 2275 quadam
984 2236 1096 2276 agere
1111 2237 1275 2273 vocem,

19 2284 63 2314 ut
84 2276 211 2322 altior,
233 2289 347 2329 quam
369 2276 441 2314 fert
461 2286 617 2322 natura,
640 2289 724 2315 vox
744 2288 870 2316 exeat:
895 2276 1097 2326 κατακλᾷἷν
1121 2290 1277 2317 contra-

19 2330 118 2368 rium
131 2329 203 2376 est,
218 2342 355 2382 nempe
367 2329 467 2368 infra
482 2330 636 2368 modum
654 2330 759 2368 illum
773 2329 813 2369 δι
827 2339 965 2369 tonum
984 2331 1191 2370 naturalem
1207 2344 1276 2371 vo-

18 2395 99 2422 cem
114 2382 343 2435 deprimere:
362 2394 524 2435 utraque
537 2385 636 2423 ratio
657 2383 770 2423 efficit
784 2386 1037 2435 κεκλασμένον
1044 2384 1190 2436 [ναὲἳωη
1204 2385 1276 2424 ali-

18 2437 126 2488 quid,
139 2437 230 2489 quia
245 2449 321 2476 non
337 2437 451 2487 pleno
466 2447 621 2490 gutture
634 2450 716 2476 vox
730 2437 898 2477 funditur
912 2440 986 2478 διε.
1000 2438 1188 2488 περιᾴδων
1201 2452 1274 2478 au-

19 2499 94 2530 tem
109 2502 157 2531 ex
175 2490 631 2545 compositionisratione
652 2491 822 2545 intelligo
834 2492 879 2534 de
898 2492 1153 2534 circumduua
1173 2492 1211 2532 in
1225 2492 1278 2532 ale
