1730 3326
92 215 194 262 IN
259 215 376 260 DE
441 212 1281 278 SALTATIONE.443

31 305 86 354 λίιρ
98 305 261 355 ὁμιλέειν.
277 303 417 343 Vid.&
433 302 615 342 Nostrum
632 302 732 351 alibi,
745 302 857 342 cuius
869 302 953 341 loca
967 314 1015 341 ex
1033 300 1159 340 Indice
1172 315 1292 361 appa-

31 359 179 398 rebunt.
194 357 265 397 Sed
275 356 533 397 Grammatica
547 367 746 409 praecepta
759 355 992 408 postularent
1007 350 1197 404 ὦμιληκὼς
1209 357 1290 394 lcti-

28 411 90 457 bi,
112 411 240 450 addito
255 422 461 462 augmento
474 410 679 462 praeteriti.
699 410 752 448 At
768 408 889 448 visum
904 408 956 448 est
970 408 1019 447 fic
1035 408 1158 454 edere,
1173 419 1214 446 ut
1227 410 1283 446 in-

28 465 118 504 veni
129 494 141 510 ,
156 465 244 517 quia
258 463 367 515 saepe
377 464 563 509 amicitur,
583 473 623 502 ut
639 462 750 514 supra
763 461 848 501 satis
860 461 1102 501 ostendimus.
1130 462 1290 500 Mallem

29 528 173 570 tamen,
186 517 244 556 hic
257 528 501 569 augmentum
515 517 612 564 addi,
622 517 719 569 quia
735 515 896 568 suspicio
909 516 954 554 de
969 515 1194 566 negligentia
1206 514 1291 554 scri-

31 581 187 624 ptorum
201 570 287 610 satis
299 570 402 609 iusta.
429 570 572 609 Rmz.
1110 614 1131 623 Ν

84 624 174 676 Pag.
189 637 202 662 t
213 639 232 662 2
242 638 255 661 1
265 655 272 662 .
284 626 304 662 l.
324 638 354 662 1.
367 623 531 663 ΚαΘηο-αι
548 621 868 674 καταυλούμενος)
882 620 1093 670 Ἀφέμενος,
1106 623 1132 659 ὠ
1147 621 1290 668 Λυκῖνε,

29 675 95 716 τοῦ
107 677 188 729 περὶ
202 679 255 716 τὰ,
266 677 402 722 βελτίω
415 675 655 727 σπουδάζειν,
667 676 733 714 καὶ
749 674 825 713 τοῖς
840 675 1017 713 παλαιοῖς
1039 673 1208 719 συνεῖναι,
1223 678 1291 712 κα.

28 733 145 770 θνα-αι
166 730 469 779 καταυλόμενος,
494 729 696 780 ἓιηλυὸρίαν
712 727 890 780 ἄνθρωπον
911 727 1002 779 ὁρῶν.
1021 728 1149 766 Vertit
1160 727 1291 767 Obso-

28 797 149 836 poeus
163 798 171 822 2
187 785 313 837 remff’
325 800 446 831 rerum,
456 800 476 823 0
491 784 652 829 Luciam,
663 784 861 835 optimarum
872 783 1039 826 exercitio,
1054 782 1089 820 δ’
1102 781 1290 834 priscorum

29 838 236 883 commercio,
260 849 401 877 ceterum
406 838 518 889 sedere
522 836 688 890 sustineas
703 838 738 875 in
751 837 877 875 theatro
889 837 1035 875 omnium
1050 833 1291 888 posticassan-

28 907 93 932 nas
105 891 284 943 excipiens.
309 891 372 930 Ab
390 890 663 942 interpolatore
676 891 776 930 re&e
788 890 878 929 haec
894 890 1045 942 quidem
1061 889 1143 928 sunt
1163 902 1292 928 emen-

27 945 112 984 data
123 975 134 992 ,
148 944 206 984 sed
216 974 228 991 ,
242 945 335 997 quia
348 955 475 984 tamen
488 945 561 983 hoc
572 944 753 996 loquendi
770 957 888 996 genus
900 943 979 982 aliis
994 956 1155 995 quoque
1170 955 1291 995 nego-

0 1036 1 1045 }
27 999 122 1038 tium
138 997 293 1045 faoeffir,
307 1012 387 1038 uno
399 1009 517 1050 atque
529 998 649 1037 altero
660 998 838 1049 exemplo
851 998 886 1036 id
903 996 1183 1036 illustrabimus.
1198 996 1292 1035 Sen-

0 1048 1 1053 ¹
27 1052 142 1097 tentia
161 1053 264 1091 enim
279 1052 353 1108 est,
373 1065 411 1092 tu
425 1067 501 1091 vero
509 1051 603 1104 sedes
615 1051 650 1089 δ’
667 1052 809 1090 modalis
828 1051 984 1089 tibiarum
1000 1050 1179 1089 obleblaris.
1206 1049 1291 1089 Plu·

28 1106 229 1145 tarchus'in
243 1106 372 1145 libello
384 1136 395 1151 ,
414 1107 476 1146 cui
497 1106 632 1144 titulus
644 1104 718 1151 est,
746 1105 774 1143 εὶ
788 1105 1021 1156 πρεσβυτέρῳ
1034 1104 1291 1143 πολιτευτέον

27 1163 92 1198 Τὸν
105 1162 302 1199 πολιτικὸν
319 1159 546 1200 ἐκδύσαντες
558 1159 625 1198 τὴν
640 1157 786 1198 λεοντίιν
807 1158 871 1196 καὶ
893 1157 1187 1197 κατακλίναντες
1204 1154 1294 1199 213oe-

0 1227 2 1238 1
27 1210 197 1265 χῆσομεν
207 1213 278 1262 ἀεὶ,
291 1212 636 1264 καταψαλλόμενον
648 1212 711 1251 καὶ
725 1211 1014 1262 καταυλόμενον,
1026 1224 1128 1251 cantu
1142 1211 1176 1250 δ’
1187 1211 1290 1250 tibia-

0 1292 1 1308 l
25 1282 96 1306 rum
112 1267 255 1307 modulis
269 1268 474 1307 obleaatum.
492 1266 719 1306 cleomedes
734 1266 794 1304 lib.
812 1280 833 1304 2
844 1295 858 1312 ,
879 1264 912 1305 ἐν
927 1264 1056 1314 πολλῇ
1073 1266 1135 1303 καὶ
1152 1261 1291 1316 ἀσχή-

3 1345 5 1360 >
23 1334 106 1371 μονι
123 1320 211 1370 μέθῃ
227 1320 519 1371 καταυλὸμενος,
545 1320 580 1359 in
596 1335 720 1374 magna
731 1320 764 1358 62
769 1319 874 1371 foeda
885 1320 1035 1358 ebrietate
1049 1319 1139 1357 tibiis
1144 1325 1184 1370 se
1197 1318 1291 1357 oble-

24 1377 128 1414 Hans.
145 1374 290 1414 Eodem
304 1373 410 1414 sensu
432 1374 522 1413 dixit
539 1374 762 1414 Athenaeus
773 1374 1013 1424 ψαλλόμενος
1027 1372 1290 1423 Στρατόνικος,

24 1429 221 1480 auscultans
239 1440 404 1468 cantorem
423 1429 652 1468 Stratonicus:
675 1441 789 1480 quem
806 1428 936 1467 locum
959 1426 1095 1465 frustra
1112 1426 1290 1466 Erasmus

23 1482 224 1522 emendare
234 1494 409 1522 conatur.
428 1481 601 1522 GRAEV.
621 1481 735 1522 Conf.
750 1481 860 1532 supra
875 1480 975 1520 Phal.
989 1480 1016 1527 1,
1035 1495 1047 1518 1
1060 1495 1074 1518 1
1098 1479 1162 1519 fin.
1180 1480 1290 1519 &in-

22 1534 80 1575 fra
91 1536 154 1576 Bis
164 1535 285 1576 accus.
300 1548 334 1576 c.
348 1549 406 1587 17.
421 1536 550 1575 Miror
563 1536 707 1587 itaque,
719 1534 944 1575 curGraev.
959 1545 1016 1572 ter
1029 1533 1176 1580 scribat,
1192 1548 1288 1572 κατ-

23 1589 234 1640 οιυλόμενον,
248 1589 325 1629 fine
337 1589 576 1642 diphthongo
585 1603 597 1637 3
617 1603 704 1629 cum
720 1588 763 1627 s1t
777 1588 1093 1638 ει-καταυλέομαι,
1112 1586 1290 1637 -οὗμαι,

21 1655 146 1696 neque
159 1643 405 1693 καταύλομαι
420 1642 577 1695 usquam
593 1644 822 1696 reperiatur,
845 1654 971 1693 neque
989 1640 1063 1693 ipse
1082 1642 1119 1680 in
1133 1642 1188 1680 his
1203 1642 1287 1680 Lu-

24 1697 122 1737 ciani
140 1697 248 1744 locis,
259 1709 384 1750 neque
398 1697 436 1736 in
448 1696 675 1746 Plutarcho,
693 1710 807 1750 quem
820 1696 860 1735 in
872 1695 1078 1736 subsidium
1092 1706 1221 1744 vocat,
1233 1695 1286 1734 fic

20 1749 220 1791 invenerit.
237 1751 381 1790 REnz.

74 1808 147 1844 ead.
158 1805 182 1843 l.
194 1819 229 1844 2.
251 1803 397 1847 Ἔσῖὸνῖσι
407 1803 625 1860 μαλακαῖς)
650 1802 798 1844 Confer
818 1802 932 1858 supra
955 1803 1002 1843 ad
1030 1818 1045 1842 1
1068 1804 1163 1844 Ver.
1186 1802 1282 1843 Hist.

21 1855 41 1909 .§
62 1872 122 1910 25.
140 1858 283 1898 Rtrrz.

73 1915 145 1953 ead.
157 1915 179 1952 l.
195 1927 229 1966 3.
242 1911 429 1967 Ἐναμβρ.)
449 1912 705 1953 Commodius
720 1911 912 1963 legeretur
933 1911 1101 1963 ἑναβρ.--
1121 1910 1282 1963 quod&

20 1967 122 2020 apud
134 1966 353 2020 Agapetum
367 1967 556 2021 reperitur
569 1966 614 2005 de
625 1979 764 2019 genere
777 1965 918 2004 dietum
935 1978 965 2004 c.
978 1981 1015 2014 4.
1037 1965 1196 2004 SOLAN.

73 2023 146 2059 ead.
159 2021 182 2060 I.
197 2036 234 2069 4.
255 2021 423 2073 Φαίὲρας
436 2021 499 2059 καὶ
512 2020 625 2072 Παρθ.
638 2020 701 2059 καὶ
712 2018 822 2071 Pes.)
835 2019 1027 2058 Phaedrae
1039 2031 1155 2059 notus
1168 2032 1279 2058 amor

20 2074 118 2127 apud
126 2075 327 2127 Tragicos.
338 2075 575 2126 Parthenope
586 2073 760 2113 Sirenum
770 2086 859 2119 una,
872 2086 971 2127 quae
984 2074 1032 2112 ab
1040 2073 1175 2125 Ulyffe
1186 2072 1278 2125 spre⁴¹

19 2137 70 2168 ta.
81 2127 273 2181 Rhodope
284 2129 441 2181 quaestu
458 2129 634 2180 corporis
646 2139 768 2167 tantas
785 2140 879 2180 opes
901 2126 1091 2180 collegisse
1102 2128 1278 2176 traditur,

19 2192 62 2222 ut
75 2182 357 2236 Aegyptiarum
373 2182 616 2235 Pyramidum
631 2195 706 2221 una
718 2182 764 2221 ab
780 2194 824 2220 ea
835 2181 988 2220 condita
997 2181 1053 2220 stt.
1075 2181 1234 2221 SOLAN.

24 2245 29 2249 '
70 2239 143 2278 ead.
153 2238 176 2275 l.
197 2236 437 2289 ς.Ῥ6δ“ο·πας)
457 2235 572 2277 Conf.
586 2235 680 2275 infra
704 2236 719 2286 §
742 2249 800 2287 51·
820 2234 977 2274 SOLAN.

74 2293 147 2329 ead.
159 2292 183 2328 l.
195 2289 332 2330 6?wa
345 2290 523 2342 κροὺμασι
536 2290 601 2329 καὶ
614 2288 882 2342 τερετίσμασι)
897 2288 1050 2328 Mallem
1064 2291 1113 2327 ad
1114 2288 1280 2342 pulfi1t1‘02

17 2344 295 2397 nesflrepitffque
306 2345 468 2391 citharae,
481 2356 595 2397 quam
609 2356 698 2383 cum
713 2345 921 2394 interprete
937 2343 1092 2382 reddere
1103 2374 1114 2389 ,
1133 2358 1205 2381 cum
1229 2343 1278 2381 ci-

17 2400 131 2437 tharae
138 2399 389 2450 pulsationibus
399 2397 530 2451 eiusque
536 2398 735 2451 procacibus
738 2396 1047 2449 frequentamentis.
1056 2397 1112 2435 Ita
1122 2397 1160 2435 in
1170 2395 1274 2435 Dial.

16 2449 137 2493 Deor.
153 2467 174 2492 2
187 2451 384 2506 Cupidinis
395 2453 432 2491 δι
446 2452 551 2492 Iovis
570 2452 618 2501 §2
633 2481 643 2497 ‚
660 2447 725 2489 ὑπ’
738 2449 839 2500 αὐλῷ
854 2451 917 2489 καὶ
930 2450 1160 2501 τυμπάνοις,
1173 2452 1220 2488 ad
1233 2450 1275 2487 ti-

15 2505 101 2548 biam
120 2505 154 2546 6·
171 2519 347 2562 tympana.
375 2507 465 2549 Vid.
490 2506 607 2548 etiam
626 2504 805 2564 Sophoel.
828 2503 964 2547 Elear.
979 2518 1054 2558 713
1068 2533 1080 2554 ‚
1101 2503 1272 2557 EuripicL
