1730 3326
402 206 495 252 430
599 189 1462 236 ANNOTATIONES

402 275 622 328 ἀνάγει-ὲκ(
639 275 706 329 ips!
721 288 882 328 quoque
902 287 981 314 non
1002 274 1104 314 re51e
1123 275 1299 315 videntur
1316 287 1359 314 ce
1389 274 1474 320 isse,
1487 275 1593 327 quod
1613 275 1660 314 ad

399 330 560 381 primam
580 329 681 368 illam
696 328 827 367 versus
845 328 983 379 Clysma
1004 329 1289 379 navigationem
1307 341 1348 367 re
1366 339 1501 367 errent.
1516 328 1660 367 Obser-

400 393 469 420 vat
480 412 493 428 ‚
507 382 545 422 δι
561 383 606 421 de
619 382 817 432 Clysmate
827 411 838 429 ,
852 394 955 433 quae
970 380 1152 427 sciuntur,
1165 383 1277 420 tradit
1294 382 1425 420 omnia
1443 382 1557 420 decus
1575 382 1660 420 lite·

400 449 532 474 rarum
547 435 759 475 nostrarum
772 434 906 474 Petrus
917 433 1190 486 Weffelingius
1203 436 1248 474 ad
1264 435 1455 474 Hieroclis
1466 434 1662 486 Synecde-

402 502 507 528 mum
524 502 608 541 pag.
621 488 698 539 728
713 488 788 540 seq.
807 488 1073 540 Interpretatio
1092 487 1217 526 nostra
1231 489 1273 528 &
1291 489 1417 527 verbis
1430 487 1585 527 Luciani
1605 486 1661 526 sa-

402 541 578 581 tisfacere
592 543 701 581 nobis
712 541 922 587 videbatur,
937 540 1199 592 constantique
1211 541 1295 580 usui
1305 541 1414 580 verbi
1425 541 1662 592 ἀνάγεσὲδαι,

403 597 509 648 quod
520 595 664 647 solvere,
675 596 921 648 navigationem
934 595 1073 647 incipere
1087 593 1291 646 significem
1307 596 1346 633 &
1369 594 1665 646 Geographicae

402 650 661 688 observationi
677 650 771 688 nulli
783 649 1054 689 contradicere.
1074 647 1233 698 Clysma
1248 659 1401 700 portum
1418 648 1662 700 Aegyptium

401 702 510 742 'fuiss'e
525 704 562 741 in
575 703 686 742 litore
702 703 816 740 maris
829 702 1054 752 Erythraei,
1067 700 1217 740 constat
1230 701 1325 740 inter
1338 713 1486 740 omnes.
1506 701 1663 740 Iuvenis

404 757 463 796 hic
476 787 488 802 ‚
503 757 764 796 Alexandreae
778 755 844 808 qui
861 756 1030 800 vixerat,
1046 754 1220 794 invectus
1240 754 1340 793 ostio
1360 753 1565 806 Canopico
1583 754 1663 793 Nili

403 811 565 849 adverso
588 810 743 848 flumine
796 809 972 848 ervenire
995 817 1145 860 poterat
1167 809 1213 846 ad
1236 809 1419 848 verticem
1449 807 1568 860 usque
1595 806 1663 846 τοῦ

402 861 532 909 Delta,
542 875 658 916 atque
670 864 754 902 inde
801 862 917 901 raiani
929 860 1022 900 foss'a
1032 861 1216 913 navigare
1225 861 1261 900 in
1275 874 1378 901 mare
1389 861 1663 912 Erythraeum,

404 917 544 956 &litus
555 917 717 969 legendo
729 916 831 955 adire
845 926 999 969 portum
1014 913 1232 965 Clysmatis,
1244 916 1342 954 unde
1355 916 1535 967 navigare
1547 916 1594 953 ad
1605 915 1665 953 ln-

402 973 473 1011 dos
488 969 677 1016 solebant,
695 968 839 1009 etiamsi
859 970 892 1008 is
911 968 1113 1008 intervallo
1134 969 1202 1008 LX
1222 969 1277 1008 M.
1295 968 1336 1008 P.
1360 981 1384 1007 a
1405 968 1528 1020 capite
1549 967 1665 1008 foss'ae

401 1025 556 1064 Traiani
569 1022 700 1063 abfuit.
713 1023 842 1064 GnsN.

460 1081 532 1117 ead.
545 1079 568 1116 l.
587 1093 645 1125 14.
661 1076 900 1129 Διεφθίιρθαι)
913 1076 1004 1116 Sola
1024 1077 1133 1128 Amsl.
1150 1075 1249 1115 male
1270 1073 1494 1128 δἀεφθέιρθει,
1506 1074 1611 1129 quod
1626 1074 1665 1114 in

404 1144 522 1184 marg.
537 1132 702 1171 correxit
717 1142 772 1170 LA
784 1130 939 1170 Cssoziz.

459 1185 568 1224 ead.l.
587 1198 644 1235 ις.
657 1184 747 1237 rece)
759 1184 825 1223 Ed.
840 1185 869 1222 I.
881 1185 918 1222 in
932 1184 1012 1223 aliis
1027 1182 1252 1223 ἒέβοιΑΝ.
1276 1182 1347 1235 Ab)
1368 1181 1450 1222 Cur
1473 1182 1561 1221 illud
1580 1184 1664 1234 ’γᾶς

406 1252 479 1292 pro
492 1238 536 1278 se
549 1250 628 1277 non
642 1238 846 1290 receperim
860 1266 874 1283 ‚
890 1238 966 1276 vid.
979 1250 1071 1276 mox
1089 1239 1133 1276 ad
1148 1251 1232 1290 pag.
1249 1251 1294 1276 10
1304 1250 1337 1288 5,
1349 1237 1372 1276 l.
1391 1249 1404 1274 1
1414 1250 1447 1276 2.
1459 1236 1601 1276 Rmz.

412 1340 413 1343 Ἰ
462 1293 554 1344 Pag.
575 1305 661 1342 105.
683 1292 706 1331 l.
725 1290 1020 1343 ς.Ἐπικούρους)
1043 1291 1198 1330 Mallem
1221 1290 1496 1342 Ἐπικουρείους,
1518 1301 1561 1329 ut
1581 1298 1667 1343 εειρρ

403 1344 479 1398 seq.
495 1345 650 1385 SOLAN.
672 1344 712 1383 Si
731 1344 909 1384 constans
929 1344 973 1383 sit
990 1344 1105 1384 le&io
1124 1344 1364 1396 Ἐπικούρους,
1384 1356 1454 1383 nec
1470 1344 1584 1391 novi,
1598 1344 1668 1396 qui

405 1399 542 1438 habeat
555 1398 827 1449 Ἐπικουρείους,
842 1410 922 1437 non
935 1398 1067 1436 dubito
1079 1428 1091 1446 ‚
1104 1398 1151 1437 ad
1165 1397 1278 1450 ipsam
1301 1398 1592 1450 appeliationem
1607 1410 1668 1436 re-

404 1451 562 1504 spexiffe
575 1453 638 1492 vel
653 1453 866 1492 Lucianum
879 1482 892 1498 ,
909 1452 972 1491 vel
992 1450 1110 1504 ipsum
1135 1453 1229 1490 adeo
1247 1451 1528 1490 Alexandrum:
1553 1451 1668 1502 idque

407 1505 590 1560 expreffi,
614 1520 701 1546 cum
721 1506 1002 1558 ambiguitatem
1025 1518 1104 1543 non
1123 1505 1219 1544 ferat
1244 1505 1398 1544 Latinus
1424 1503 1558 1544 sermo.
1583 1504 1672 1556 Qui

405 1573 486 1599 non
498 1561 646 1613 puniret
657 1561 748 1599 olim
763 1560 993 1598 haereticum
1009 1559 1218 1603 hominem,
1230 1559 1268 1598 δι
1283 1557 1543 1604 ulcisceretur,
1553 1571 1670 1598 voca-

406 1625 472 1654 tus
482 1615 584 1660 licet,
598 1613 762 1653 sanciam
778 1625 935 1652 matrem
949 1612 1140 1652 ecclesiam
1152 1642 1164 1661 ,
1182 1613 1243 1651 ille
1257 1625 1339 1666 quo
1356 1613 1394 1651 in
1407 1612 1577 1665 periculo
1592 1611 1687 1651 fue-·

408 1670 480 1716 rit,
497 1667 582 1707 satis
597 1667 967 1718 conflan'ssorinovpov
981 1667 1134 1718 proprie
1156 1666 1253 1712 effe,
1275 1667 1340 1718 qui
1362 1666 1518 1705 adiuvet
1538 1679 1670 1718 oppu-

407 1733 564 1774 gnatum
578 1721 625 1761 ab
639 1721 734 1767 aliis,
749 1720 926 1760 observat
939 1721 1064 1760 Schol.
1079 1721 1124 1759 ad
1136 1720 1177 1759 11.
1199 1725 1240 1766 Β,
1263 1733 1344 1772 ¹30·
1363 1719 1488 1759 GesN.
1500 1721 1671 1758 Ἐπικού-

409 1790 487 1827 ρους
506 1777 690 1815 maiorem
710 1773 904 1828 emphasin
927 1775 1064 1820 habet,
1081 1787 1197 1826 quam
1218 1773 1246 1812 si
1264 1773 1448 1812 adieffwe
1467 1771 1671 1813 efferatur:

407 1830 582 1869 nonnihil
595 1842 720 1869 tamen
735 1841 785 1868 ex
796 1827 960 1880 emphasi
975 1828 1109 1866 amittit
1120 1858 1132 1874 ,
1148 1841 1236 1867 cum
1253 1826 1388 1879 plurali
1400 1839 1504 1866 num.
1521 1826 1672 1879 profer-

408 1895 487 1932 tur,
500 1884 662 1937 ideoque
675 1882 855 1922 affemior
873 1881 1016 1921 Solano
1031 1894 1079 1921 ex
1099 1894 1181 1934 cap.
1199 1880 1275 1933 seq.
1295 1881 1584 1933 argumentanti.
1603 1880 1674 1919 Ni‹

410 1937 461 1976 hil
473 1950 570 1977 vero
586 1948 721 1983 muto,
734 1935 800 1976 etsi
821 1937 1033 1988 interprett.
1048 1935 1193 1988 pristini
1207 1933 1483 1974 substantivum
1501 1935 1542 1974 in
1552 1933 1672 1975 Grae-

409 2004 458 2031 co
474 1989 666 2030 servantes
678 2021 690 2040 ‚
705 2001 831 2030 tamen
845 1991 1031 2042 Epicureos
1043 2001 1252 2028 verterunt.
1266 1988 1412 2028 ΚΕΗ-2,.

417 2078 424 2090 ,.
464 2047 538 2083 ead.
552 2047 575 2084 l.
594 2059 607 2083 1
617 2060 651 2087 2.
666 2046 777 2082 Κατὰ
790 2043 920 2096 τάξιν)
933 2041 1048 2082 Conf.
1062 2042 1174 2095 supra
1187 2055 1218 2082 c.
1235 2055 1294 2095 19.
1309 2041 1469 2082 SOLAN.

465 2100 546 2138 ibid.
561 2097 657 2138 Μιᾶς
673 2096 912 2151 ὃὲ)501;ῃυ5
927 2096 1038 2150 supra
1052 2110 1084 2136 c.
1100 2112 1152 2145 44
1161 2096 1295 2136 πολλοὶ
1308 2095 1354 2135 δὲ
1365 2125 1379 2142 ,
1399 2096 1436 2134 in
1455 2096 1533 2149 γὰρ
1552 2104 1675 2135 muta-

411 2164 491 2200 rat,
506 2165 553 2191 ex
565 2165 640 2192 una
657 2152 684 2189 l.
697 2149 784 2204 Ego
802 2151 841 2190 id
861 2150 983 2190 studio
1003 2150 1174 2203 neglexi3
1195 2162 1283 2188 nam
1299 2148 1325 2188 si
1344 2150 1381 2188 id
1395 2150 1445 2189 ibi
1458 2148 1590 2189 falsum
1603 2179 1616 2196 ,
1631 2151 1674 2189 δε

412 2208 471 2247 hic
487 2206 585 2246 male
599 2207 636 2246 se
656 2206 831 2244 haberet:
847 2218 934 2244 cum
957 2205 1070 2256 igitur
1084 2204 1144 2243 hic
1157 2203 1250 2243 nihil
1269 2214 1392 2243 mutet
1403 2233 1414 2251 ,
1428 2205 1540 2242 etiam
1561 2202 1678 2255 supra·

413 2248 598 2308 intactum
612 2259 862 2310 relinquatur.
874 2258 934 2297 Sic
949 2259 1068 2297 Hom.
1082 2257 1124 2297 11.
1138 2261 1184 2304 Z,
1199 2271 1265 2309 47,
1277 2256 1321 2296 δὲ
1336 2269 1495 2309 quoque
1505 2255 1675 2309 usurpat,

412 2314 476 2354 ubi
497 2313 539 2352 δε
558 2316 637 2368 γᾶς)
655 2313 786 2352 locum
802 2313 973 2359 haberet;
989 2312 1030 2352 δι
1049 2311 1116 2351 ubi
1137 2312 1173 2350 id
1194 2312 1231 2350 in
1250 2313 1329 2364 ’γὰρ
1347 2322 1504 2363 propter
1518 2311 1675 2350 versum

412 2380 492 2406 non
509 2368 631 2419 potest
652 2368 800 2406 mutari.
817 2365 919 2405 Cum
939 2367 1038 2405 enim
1061 2377 1243 2417 magnum
1261 2365 1494 2404 liberationis
1509 2365 1677 2418 pretium¹

414 2420 635 2473 promisiss'et
646 2452 657 2468 ‚
677 2420 799 2460 statim
816 2420 978 2459 subiicit:
997 2421 1129 2457 Πολλὰ,
1144 2419 1181 2458 δ’
1194 2419 1228 2458 ἐν
1244 2416 1390 2466 ἀφνειοῦ
1401 2421 1544 2469 πατρὸς
1556 2416 1679 2466 κειμῇ-
1729 2456 1730 2461 ,

411 2485 479 2514 λιιι
497 2474 629 2515 κεῖται.
644 2474 769 2526 Quod
784 2473 822 2513 S.
841 2473 981 2514 Clarke
996 2473 1171 2512 reddidit:
1186 2472 1310 2511 multae
1327 2471 1439 2525 utique
1450 2486 1501 2511 res
1510 2472 1679 2524 pretiosae.
