1730 3326
95 238 206 287 IN
270 239 388 286 DE
455 219 1296 309 SALTA‘TIONE483

35 327 91 370 ba
106 330 253 369 Aeliani
273 329 359 368 sunt
374 329 427 368 XI
441 330 586 380 Ποικιλ.
601 342 634 369 c.
653 343 720 382 13,
744 326 864 381 ἐίνέροι
880 330 980 377 φασὶ
1002 336 1220 373 Σικελιώτην
1233 332 1304 376 οἷον

37 385 195 430 βλέπειν
208 383 289 435 ὀξὺν
302 387 496 436 γενέσθαι,
513 379 609 421 ὥστε
623 382 696 422 διε,
728 383 904 422 Kuhnius
926 385 1040 435 legeret
1052 386 1126 436 ὀξύ.
1141 387 1204 438 ὀξὺ
1219 390 1304 433 (916-

37 451 122 475 πειν
139 437 240 475 enim
257 437 319 489 effe
330 466 343 482 ,
365 439 457 490 quod
473 436 644 475 Horatius
663 437 789 474 dixerit
806 449 960 476 cernere
976 450 1142 478 acutum.
1170 443 1303 495 Longe

37 491 145 528 aliter
159 489 314 529 sentiam
332 490 389 529 hic
403 503 491 542 ego,
505 490 688 542 aliterque
703 489 781 528 fere
795 490 887 528 haec
902 492 1056 529 Aeliani
1072 494 1277 546 intelligam
1288 525 1303 542 ,

38 555 85 582 ac
100 543 248 582 videtur
271 542 488 582 intellexisse
505 544 565 582 vir
588 542 830 582 dofflffimus.
857 544 1006 582 Etenim
1026 555 1069 584 ut
1085 559 1220 585 verum
1243 548 1304 595 fit,

36 596 102 648 ὀξὺ
116 597 271 641 βλέπειν
285 597 443 637 Graecis
451 595 528 636 effe
539 595 626 636 satis
638 596 836 649 frequens,
857 596 982 649 (quod
1004 598 1132 637 multis
1148 601 1302 651 probari

35 649 158 702 posset
171 650 369 704 exemplis:
390 651 438 688 ita
453 652 491 689 &
503 650 616 702 ἓριμὺ
633 651 784 695 βλέπειν
805 652 904 702 apud
921 650 1215 704 Aristophanem
1227 684 1239 699 ,
1260 654 1301 694 ὅ(

35 702 240 742 istiusmodi
262 703 478 744 locutiones
497 705 590 743 alme
611 703 698 743 sunt
716 702 1053 757 frequentiffimae)
1074 718 1153 744 non
1172 716 1302 748 tamen

37 757 167 803 video,
179 757 271 810 quid
283 756 349 796 fibi
364 757 491 806 vellet,
503 757 684 810 ’γενέσθαι
699 757 762 808 ὀξὺ
774 758 940 802 βλέπειν.
956 757 1012 797 Ita
1023 771 1192 812 namque
1201 760 1303 801 foret

36 810 132 849 haec
146 811 272 858 dictio,
285 810 313 849 ss
328 811 522 850 audiretur
538 812 597 850 vir
607 811 652 850 cl.
668 810 723 850 At
737 810 975 864 perspicuum
987 811 1053 859 est,
1069 812 1163 853 haec
1173 814 1301 853 Aelia-

37 864 77 902 ni
93 864 143 903 ita
165 864 262 904 inter
293 865 446 904 retanda
465 864 560 911 effe,
586 865 684 904 homo
704 866 839 917 quidam
855 865 995 903 Siculus
1011 878 1109 904 tanta
1130 869 1300 909 oculorum

36 917 110 956 acie
121 918 242 957 dicitur
242 878 349 970 fiiffl
359 919 546 968 praeditus,
562 929 600 956 ut
612 920 686 958 διε.
699 919 773 958 hoc
786 918 853 964 est,
865 930 933 957 tam
945 932 1068 958 acutus
1080 921 1202 959 dicitur
1203 921 1299 974 fulsI

21 972 82 1024 fi,
98 984 259 1024 quantum
273 975 323 1010 ad
335 972 460 1024 vifitm,
472 984 511 1011 ut
526 973 602 1011 διε.
617 972 766 1033 Nempe
785 972 868 1023 ὀξὺς
883 973 1038 1017 βλέπειν
1055 976 1156 1025 apud
1172 977 1300 1015 Aelia-

36 1039 128 1065 num
144 1026 280 1065 eodem
300 1027 434 1072 modo,
448 1039 530 1078 quo
550 1026 650 1078 apud
669 1026 878 1064 Lucianum
902 1025 984 1076 ὀξὺς
999 1028 1204 1075 ἐπινοῆσαι,
1217 1044 1301 1068 συν-

39 1080 147 1125 ιέναι,
163 1080 317 1128 dicitur3
340 1081 445 1132 quod
469 1081 565 1118 idem
587 1092 632 1118 ac
650 1078 732 1130 ὀξὺς
747 1080 811 1119 τήν
826 1079 980 1128 βλέψιν,
1000 1079 1171 1130 ἐπίνοιαν,
1199 1082 1300 1123 σύνε-

36 1147 107 1172 σιν·
123 1144 165 1173 ut
179 1133 264 1185 ὀξὺς
277 1136 349 1173 τὰς
366 1130 586 1183 ἐνθυμήσεις,
601 1134 668 1173 τὴν
683 1132 765 1183 ῥῖναι
781 1133 856 1172 &c.
868 1145 972 1185 quae
987 1134 1160 1175 vidimus.
1185 1135 1299 1176 Pror-

33 1185 96 1226 sus
104 1187 153 1226 ita
161 1186 361 1244 {lomerus
371 1200 530 1239 quoque
540 1186 582 1225 11.
591 1192 635 1235 Ξ,
648 1201 736 1239 344,
746 1182 824 1226 οὗθ’
836 1185 880 1225 ἂν
892 1186 958 1225 νῶϊ
968 1186 1170 1240 ἒιαὲρέικοι
1182 1189 1301 1230 ἠέλιός

33 1255 124 1292 περ,
138 1242 178 1280 οὑ
194 1255 238 1280 τε
249 1242 312 1280 uoci
325 1239 504 1292 ὀξύτατον
517 1241 679 1280 νντέλετοιι
690 1243 787 1292 φάος
803 1242 1061 1292 εἰσοράασθαι,
1074 1244 1170 1282 cuius
1179 1247 1299 1283 oculus

33 1308 158 1334 acutus
173 1297 218 1348 est
229 1299 280 1333 ad
281 1295 552 1348 perspiciendum.
565 1293 670 1334 IENs.
690 1294 797 1334 lensii
811 1295 1157 1345 interpunffionem
1176 1300 1299 1338 omni-

33 1362 88 1389 no
104 1348 342 1388 neceffariam
354 1379 367 1394 ,
382 1350 419 1388 ἃ
433 1361 550 1402 quam
563 1349 728 1389 Solanus
742 1361 900 1401 quoque
912 1349 948 1387 in
962 1349 1053 1389 Iunt.
1071 1363 1119 1389 ex
1133 1353 1297 1391 eiusdem

34 1402 361 1443 animadverfione
376 1415 595 1443 correxerat
605 1434 615 1449 ,
636 1403 695 1443 hic
707 1401 963 1455 expreffimus.
989 1403 1033 1442 In
1046 1404 1128 1442 Par.
1143 1407 1298 1458 quidem

32 1458 164 1510 priore
183 1458 358 1496 membro
375 1458 487 1497 huius
501 1458 648 1510 periodi
669 1468 864 1496 commata
886 1467 1033 1496 tantum
1050 1470 1178 1505 erant,
1203 1461 1300 1499 inter

32 1510 178 1563 singula
194 1511 379 1551 adiefflva
390 1542 403 1558 ,
417 1524 539 1564 eaque
552 1510 722 1550 sufficere
737 1509 954 1563 potuiffent.
977 1510 1048 1550 Sed
1061 1513 1149 1563 quia
1165 1513 1203 1551 in
1217 1514 1300 1554 edd.

34 1565 317 1618 antiquioribus
329 1565 472 1618 punfta
492 1566 660 1610 aderant,
683 1577 783 1616 quae
800 1575 961 1616 uterque
976 1565 1147 1612 retinuit,
1171 1567 1210 1605 δι
1223 1580 1298 1621 ego

34 1632 80 1657 ea
95 1618 254 1658 servavi.
281 1618 322 1657 In
347 1618 557 1672 posteriore
576 1631 672 1659 vero
695 1615 805 1671 parte
828 1618 957 1656 eadem
975 1617 1152 1658 confusio
1171 1621 1298 1660 diffin-

38 1672 210 1713 &ionum
227 1672 358 1712 alieno
374 1673 462 1712 loco
478 1673 756 1712 collocatarum
771 1681 853 1710 erat
875 1671 912 1709 in
929 1672 1011 1711 Par.
1027 1686 1126 1725 quae
1144 1675 1180 1713 in
1204 1675 1300 1725 aliis,

34 1726 102 1767 etsi
117 1726 211 1767 haec
232 1727 381 1779 alioqui
404 1727 539 1767 ceteris
562 1726 760 1780 aliquanto
774 1726 988 1766 accuratior
1001 1726 1055 1766 est
1077 1728 1115 1766 in
1133 1730 1300 1781 periodis

35 1780 257 1821 dividendis.
276 1780 420 1821 Rmz.

91 1835 182 1888 Pag.
197 1848 281 1886 170.
296 1838 319 1875 l.
333 1829 522 1886 2.‘'sscvr÷f
535 1833 569 1873 ἐν
584 1832 806 1887 κατόπτρῳ)
822 1833 881 1872 Ad
898 1844 1023 1887 partes
1038 1834 1131 1875 haec
1142 1836 1299 1876 Luciani

36 1889 158 1928 verba
168 1899 286 1928 vocat
297 1889 338 1928 L.
352 1889 431 1929 Bos
444 1890 491 1928 ad
507 1902 527 1926 2
541 1888 609 1941 Ep.
621 1888 667 1927 ad
678 1887 851 1928 Corinth.
867 1900 898 1927 c.
916 1902 952 1941 3,
978 1902 990 1925 1
1001 1887 1037 1936 8,
1053 1889 1184 1943 ibique
1198 1905 1299 1929 κοιτ-

38 1943 307 1995 οπτρίζεσῧοιι,
327 1942 368 1981 8(
389 1943 617 1988 ἀποβλέπειν
643 1945 731 1994 πρὸς
754 1941 791 1980 τὶ
808 1937 934 1992 ὥσπερ
956 1943 1166 1994 κάτοπτρον
1187 1945 1298 1984 docet

37 1995 160 2050 fignif.
170 1998 270 2050 probe
282 1999 499 2048 confiderare,
511 1996 546 2035 δ’
559 2011 601 2035 ex
614 2011 650 2035 eo
663 1996 846 2049 exemplum
852 1995 998 2047 sumere,
1010 1996 1300 2038 au&0ritatum-

37 2063 116 2105 que
128 2049 214 2090 satis
228 2051 390 2097 adducit,
405 2063 503 2104 quae
515 2051 575 2090 hic
588 2062 668 2089 non
683 2061 864 2103 repetam.
881 2049 1026 2089 Rerrz.

95 2105 184 2157 Pag.
201 2106 322 2154 171.l.
344 2118 358 2142 1
369 2119 401 2143 2.
416 2103 542 2145 Διεῖλε
553 2103 618 2144 τὴν
633 2103 817 2157 κεφαλὴν)
841 2103 1069 2157 Exemplum
1081 2105 1168 2146 huic
1186 2105 1301 2146 fimi}-

37 2158 173 2198 limum
188 2158 234 2198 de
253 2156 409 2211 Aesopo
431 2159 515 2211 lege
533 2159 633 2212 apud
646 2157 741 2198 Plut.
754 2159 793 2197 in
808 2157 933 2199 Cicer.
946 2171 1025 2198 non
1041 2159 1156 2214 longe
1167 2161 1214 2199 ab
1228 2161 1303 2199 ini-

41 2213 110 2252 tio.
133 2212 288 2252 SOLAN.

94 2269 167 2305 ead.
185 2268 208 2305 l.
224 2268 281 2316 1'4.
307 2265 586 2319 Παραπκίοντι)
607 2264 755 2305 Accidit
776 2265 837 2305 hic
858 2279 1042 2319 quoque,
1063 2267 1168 2320 quod
1192 2267 1301 2320 saepe

41 2320 142 2372 apud
158 2320 261 2361 hunc
276 2320 511 2374 scriptorem,
526 2330 568 2360 ut
583 2320 759 2359 di&ionis
772 2319 995 2360 suavitatem
1014 2320 1157 2371 assequi
1169 2321 1301 2361 Latina

43 2374 186 2427 lingua,
198 2387 299 2414 certe
311 2386 452 2427 quanta
464 2375 501 2414 in
515 2388 575 2414 me
587 2373 639 2414 est
652 2374 749 2413 illius
761 2373 933 2420 facultas,
944 2387 1023 2413 non
1037 2374 1159 2428 poffit.
1173 2379 1255 2426 Hap
1262 2390 1304 2414 οι-

44 2429 167 2468 ποιίειν
186 2430 342 2482 proprie
363 2430 404 2469 δι
424 2430 469 2468 ad
483 2430 644 2468 verbum
666 2426 718 2467 est
741 2428 927 2480 pulsando
951 2428 1148 2478 aberrare,
1166 2427 1303 2478 ferire,

44 2483 152 2534 quod
167 2494 245 2522 non
257 2482 532 2523 destinaveras:
555 2483 712 2534 ponitur
725 2482 878 2528 deinde,
893 2493 936 2522 ut
946 2481 1126 2530 insanire,
1147 2483 1303 2522 delirare

46 2545 148 2576 certe
159 2565 170 2585 ,
186 2537 224 2577 δι
238 2549 259 2576 a
270 2537 370 2578 reeta
383 2539 529 2578 ratione
542 2537 719 2577 aberrare
731 2535 1012 2630 significetis-{lig
1024 2535 1301 2586 pantomimus,

1038 2603 1060 2629 2
