1730 3326
417 214 506 279 528
626 206 1493 258 ANNOTATIONES

416 303 457 344 ἃ
469 303 646 342 Homero
658 332 668 349 ,
680 301 930 354 Hippocrati,
944 298 1098 353 aliisque
1108 299 1194 340 Ion.
1209 300 1355 340 dialeffi
1368 300 1616 354 scriptoribus
1630 298 1684 343 sa-

415 359 462 396 tis
481 356 669 409 frequens.
681 356 772 394 Vid.
788 355 888 394 lliad.
904 359 936 391 Ω
949 384 960 398 ,
977 352 1065 406 387,
1081 365 1124 392 ut
1136 354 1208 392 alia
1220 355 1378 394 mittam.
1394 354 1537 394 RmTz.

471 411 551 449 ibid.
564 409 652 462 Ἱρὲι)
675 410 730 448 Ita
748 409 878 448 multis
899 408 934 446 in
954 407 1050 446 locis
1072 408 1349 447 emendandum
1379 407 1471 456 fuit,
1490 422 1533 448 ut
1552 409 1686 450 Diale-

416 466 503 506 ἕως
521 465 634 502 huius
646 462 759 502 libelli
771 460 982 515 postulabat
995 491 1008 509 ,
1024 460 1066 500 δι
1078 461 1140 499 hic
1151 461 1303 514 quidem
1318 463 1368 501 ita
1381 462 1419 501 in
1433 462 1684 503 M.emenda·

415 530 497 558 tum
518 516 582 557 est.
601 516 759 556 SOLAN.

472 574 545 610 ead.
570 571 594 608 l.
612 569 744 623 13.‘.Q5
764 565 945 620 ἕκαστοι)
967 567 1029 606 Ula
1053 567 1161 606 verbi
1182 566 1304 620 ἔτυχε
1323 567 1386 607 vel
1403 567 1528 609 similis
1548 569 1684 624 ellipfis

415 625 501 679 post
513 623 559 663 ὣς
574 620 734 662 ἕκαστος
749 635 827 661 non
842 622 960 661 modo
975 621 1101 660 Attica
1115 621 1168 659 est
1182 651 1195 667 ,
1215 621 1254 659 &
1268 621 1492 673 Thucydidi
1507 623 1686 676 frequen-

414 692 516 726 tata,
531 677 591 717 sed
604 676 733 716 Ionica
749 687 923 728 quoque,
936 688 973 713 v.
988 687 1022 727 g.
1037 675 1225 714 Heroclot.
1241 674 1299 720 11,
1315 687 1378 723 40.
1395 675 1523 716 Gtsn.
1541 677 1685 718 Distin-

417 732 584 772 ctionem
598 761 610 778 ‚
630 742 728 782 quae
742 729 826 782 post
842 726 971 767 τᾶλλα
985 740 1080 774 erat,
1093 727 1277 768 sublatam
1292 729 1401 768 retuli
1417 729 1501 781 post
1511 727 1684 778 ἕκαστοι,

417 795 625 839 praeeunte
640 785 784 823 solano
796 813 805 830 ,
820 783 886 835 qui
899 782 1003 822 iubet
1015 781 1190 821 conferre
1201 782 1291 821 Ἱστ.
1312 787 1353 828 A,
1369 794 1451 836 cap.
1468 797 1529 835 15,
1541 784 1608 824 ubi
1621 785 1683 825 ille

418 841 613 892 vulgatam
628 835 674 876 ὧς
689 834 842 876 ἕκαστοι
857 847 987 875 tuetur
998 835 1037 874 &
1055 837 1227 888 exponit.
1245 837 1391 876 ΚΕΗ-Ζ.

472 896 544 932 ead.
567 893 589 933 l.
611 889 778 940 141<oe*13
794 889 931 942 Ἀπις)
947 889 1068 929 Ofiris
1088 902 1153 928 rex
1170 890 1343 943 Aegypti
1357 889 1505 930 tandem
1522 890 1559 929 in
1571 889 1684 931 Deos

417 949 558 988 relatus
570 958 657 985 cum
671 957 793 983 uxore
807 942 873 982 sua
885 943 979 982 Ifide
992 943 1132 982 colitur
1142 943 1208 982 sub
1221 944 1381 996 imagine
1394 944 1520 984 bovis.
1534 943 1682 985 COGN.

474 1001 563 1054 Pag.
580 1013 668 1050 219.
681 999 705 1036 l.
719 996 975 1049 4.”Αμμωιός)
989 997 1160 1036 Ammon
1178 996 1283 1037 Iovis
1299 998 1497 1050 epitheton
1508 1027 1519 1044 ‚
1535 997 1611 1038 hoc
1629 997 1684 1038 est

417 1056 604 1095 arenarius.
621 1053 790 1105 luppiter
802 1053 903 1090 enim
919 1052 1042 1090 arietis
1058 1049 1182 1103 specie
1195 1051 1231 1090 in
1244 1063 1418 1091 extremo
1434 1050 1581 1103 Lybiae
1595 1064 1685 1091 are-

418 1108 514 1149 noso
529 1107 740 1148 colebatur.
756 1106 963 1144 Ammonis
976 1105 1175 1144 oraculum
1196 1117 1276 1144 erat
1293 1106 1384 1144 olim
1396 1136 1407 1153 ,
1421 1117 1465 1145 ut
1478 1106 1584 1145 Mela
1597 1105 1687 1146 scri-

419 1164 488 1209 bit,
510 1161 598 1201 fidei
614 1160 805 1210 inclytae,
831 1159 896 1198 ubi
912 1158 1089 1210 responsa
1105 1159 1282 1198 oratione
1303 1171 1383 1198 non
1397 1160 1600 1206 dabantur,
1621 1157 1683 1199 sed

418 1229 517 1256 nutu
536 1216 576 1255 δι
593 1213 725 1267 signis,
739 1224 781 1252 ut
795 1211 921 1251 scribit
937 1212 1084 1252 Strabo.
1102 1211 1252 1252 GOGN.

470 1273 544 1308 cad.
556 1269 579 1307 l.
596 1284 628 1320 5.
645 1267 789 1319 Εἱρητο)
804 1267 865 1304 An
878 1263 995 1317 iispw,
1009 1266 1056 1305 ab
1068 1266 1233 1317 ἀείρομαι
1247 1280 1257 1313 3
1278 1265 1415 1306 Placet.
1436 1265 1603 1306 GUYET.

472 1324 550 1361 ibid.
572 1323 683 1373 Παρὰ,
703 1324 765 1359 τὶν
780 1319 993 1369 Ἀμμωνιι)
1019 1319 1134 1372 Angl.
1156 1318 1253 1360 Cod.
1268 1324 1357 1372 ’πρὸς
1369 1322 1430 1359 τὶν
1443 1320 1528 1370 Ἀμ.
1541 1319 1686 1360 Cetera

416 1378 532 1416 huius
546 1373 812 1414 differtationis
831 1385 877 1412 ex
894 1371 1135 1412 Callimacho
1150 1374 1191 1412 ὅ(
1204 1374 1367 1412 Manilio
1380 1375 1514 1426 repetit
1529 1374 1568 1412 in
1582 1373 1686 1414 Cro·

419 1432 499 1470 niis.
530 1429 698 1469 Plurima
718 1428 945 1478 interpretor
965 1427 1068 1466 alibi.
1089 1427 1259 1466 BOURD.
1287 1427 1423 1479 Παρὰ)
1446 1427 1488 1466 ln
1507 1428 1557 1467 A.
1582 1427 1621 1467 P.
1643 1429 1685 1468 &

419 1486 460 1523 L.
476 1485 579 1535 πρός.
596 1483 790 1522 Neutrum
803 1482 936 1533 placet.
961 1480 1108 1520 Debuit
1124 1481 1224 1520 enim
1237 1479 1322 1528 effe,
1338 1482 1375 1520 ni
1390 1480 1516 1529 fallor,
1531 1484 1592 1521 τὸν
1605 1482 1687 1535 7¹³2?

416 1539 500 1587 Ἀμ.
513 1538 576 1577 καὶ
593 1538 667 1577 &c.
694 1536 795 1575 Vide
807 1535 931 1573 Ἐκκλ.
951 1549 1018 1582 10,
1039 1535 1104 1574 ubi
1119 1535 1165 1574 ad
1177 1547 1326 1574 cornua
1338 1533 1442 1574 Iovis
1454 1535 1688 1576 Hammonis

419 1593 560 1631 alludit.
585 1590 743 1630 SOLAN.
763 1588 889 1630 Tenui
904 1590 1115 1629 mutatione
1127 1591 1236 1641 παρὰ
1256 1588 1482 1628 mutandum
1497 1589 1538 1628 in
1548 1589 1639 1641 παρ’
1652 1589 1688 1636 ὃ,

419 1646 527 1698 quod
543 1659 630 1684 cum
647 1643 831 1683 sententia
848 1642 1040 1695 postulare
1054 1643 1266 1692 videretur,
1279 1644 1317 1682 in
1337 1643 1622 1696 interpretando
1635 1642 1690 1690 seq

416 1710 529 1740 cutus
541 1697 634 1737 sum.
659 1697 785 1738 GESN.

475 1753 554 1792 ibid.
579 1748 871 1805 Κριοπρόσωπον)
891 1749 1012 1788 Aliter
1025 1750 1081 1802 Q.
1098 1750 1274 1791 Curtius.
1292 1750 1460 1792 Gumr.
1481 1750 1570 1790 Vid.
1583 1750 1687 1791 hunc

419 1805 677 1857 L.IV‚c.7,§
695 1820 757 1858 23,
784 1820 844 1852 24·
864 1803 910 1843 Et
925 1804 961 1842 in
982 1804 1036 1842 ed.
1052 1805 1218 1844 Leidana
1239 1817 1421 1844 nummos
1443 1805 1566 1858 capita
1580 1803 1688 1844 Iovis

420 1860 653 1902 Hammonis
668 1859 875 1899 referentes
887 1857 983 1898 facie
998 1858 1182 1907 humana,
1201 1858 1260 1898 sed
1276 1859 1443 1898 arietinis
1458 1869 1587 1898 tamen
1599 1870 1689 1899 cor-

419 1915 535 1954 nibus
550 1914 728 1967 praedita.
749 1913 896 1952 Rmrz.

475 1972 548 2008 ead.
567 1969 590 2008 l.
604 1967 640 2007 8.
655 1967 808 2019 Δοκεέι)
825 1966 889 2006 An
901 1964 1061 2013 ἓοκέεινς
1079 1976 1121 2005 ut
1137 1964 1234 2005 infra
1249 1966 1293 2005 de
1312 1964 1434 2005 Dom.
1448 1978 1482 2005 c.
1501 1978 1559 2015 17,
1580 1965 1688 2006 intel-

418 2022 522 2062 lesto
539 2017 601 2071 ὧς,
615 2033 658 2061 ut
670 2017 717 2060 ὦς
732 2021 862 2069 εἰπεῖν,
876 2032 947 2072 pro
961 2032 998 2058 ut
1012 2020 1062 2057 ita
1073 2023 1183 2058 dicam
1194 2050 1205 2064 ,
1222 2030 1312 2058 nota
1327 2018 1504 2059 formula.
1519 2019 1592 2059 Sed
1604 2019 1689 2060 vul-

418 2088 545 2129 gatam
561 2076 648 2116 ideo
663 2088 741 2115 non
758 2074 957 2113 mutarim:
974 2086 1060 2112 nam
1074 2074 1115 2114 δι
1131 2072 1182 2114 sic
1195 2073 1282 2112 ibid.
1295 2073 1340 2112 de
1361 2072 1480 2112 Dom.
1493 2086 1576 2126 cap.
1588 2089 1613 2122 4
1628 2086 1686 2126 pr.

418 2131 438 2169 ‘o'
449 2145 513 2181 μει
528 2129 717 2169 ἓοκεῖδιε.
735 2127 865 2168 Paffim
881 2140 978 2167 vero
993 2128 1081 2166 alibi
1095 2126 1172 2167 fine
1186 2128 1360 2167 articulo.
1374 2127 1525 2167 Tamen
1538 2128 1616 2177 ἐμοὶ
1627 2127 1689 2168 «Γο-

419 2185 495 2224 ,cerv
508 2182 681 2223 absolute
700 2182 865 2236 positum
889 2181 951 2221 hic
967 2181 1088 2234 magis
1107 2181 1250 2238 placet,
1264 2181 1353 2234 quia
1373 2180 1614 2222 Graecismus
1632 2180 1688 2221 est

422 2239 541 2290 magis
553 2238 764 2291 peculiaris.
773 2237 836 2277 Sic
847 2236 994 2276 Aelian.
1007 2235 1038 2282 I,
1057 2234 1201 2285 17‚‘ssv‚
1212 2236 1288 2285 ἐμοὶ
1300 2234 1433 2282 ἓοκεῖν,
1447 2234 1462 2274 ὃ
1477 2234 1687 2275 σπουὲιιῖος

423 2289 610 2344 ofise‘npov
625 2292 885 2331 ἐπαινέσεται.
899 2290 1001 2329 Idem
1016 2289 1126 2338 XIV,
1139 2305 1179 2339 4,
1190 2290 1260 2330 Τὴν
1277 2289 1446 2340 &hilam
1460 2289 1538 2339 ἐμοὶ
1551 2287 1690 2339 sonefv,

422 2345 552 2385 ἐκεῖνος
566 2368 610 2375 -
626 2347 750 2398 φέρων.
767 2344 954 2384 Plutarch.
966 2343 1148 2383 Themist.
1162 2358 1197 2396 p.
1211 2356 1261 2383 m.
1276 2357 1290 2381 1
1303 2357 1345 2396 13
1367 2343 1408 2382 F.
1429 2339 1476 2382 ὧς
1495 2343 1618 2391 addit,
1632 2342 1689 2382 di-

424 2412 534 2439 cens:
551 2395 757 2446 ειῦτοῖς,ὧς
775 2399 853 2450 ἐμοὶ
872 2397 1011 2444 ἓοκεῒν,
1027 2399 1244 2438 κατέλιπεν.
1264 2395 1461 2450 Aristoph.
1482 2395 1580 2436 Plut.
1593 2396 1690 2450 736,

426 2450 471 2493 ὥς
487 2454 612 2506 ’γέμω
627 2453 747 2492 δοκεῖν
765 2453 837 2492 ἃς.
855 2452 997 2491 RHTZ.

478 2507 557 2549 ibid.
566 2507 757 2563 'Atrine-to)
769 2507 862 2549 Non
875 2505 1059 2550 haesitavi
1069 2503 1118 2548 fic
1130 2503 1333 2548 rescribere
1347 2516 1422 2560 pro
1434 2503 1596 2558 vulgato
1609 2501 1689 2554 &962
