1730 3326
396 213 486 266 ςη
591 192 1456 252 ΑΝΝΟΤΑΤΙΟΝΕΞ

392 283 478 324 dam
492 316 502 334 ‚
518 284 606 326 facit
619 288 695 327 hoc
716 287 924 339 posterius,
940 290 1046 341 quod
1061 289 1234 329 omnium
1257 289 1535 331 Eunuchorum
1549 302 1660 330 com·
1727 297 1730 303 '

393 350 511 378 mune
524 339 588 379 est.
603 341 761 380 SOLAN.

447 396 520 431 eud.
532 394 554 431 l.
566 393 600 432 8.
614 394 792 447 Βιιγώιις)
806 395 974 434 Barbara
985 395 1112 448 lingua
1125 394 1307 448 significat
1318 397 1525 436 Eunuchum
1533 411 1549 443 ;
1564 396 1660 448 quin

393 443 513 484 ovid.
533 446 577 486 de
599 447 777 487 Amorib.
797 447 948 487 servum
971 449 1117 500 puellae
1137 447 1331 489 custodem
1348 451 1405 489 Ba
1428 466 1505 489 oum
1531 450 1663 501 appel-

393 498 464 539 lat:
480 501 588 550 Quem
598 516 700 553 penes
716 504 757 555 est
768 502 934 541 dominam
939 501 1103 553 servandi
1113 518 1193 542 cura
1206 504 1375 556 Bagoam.
1428 513 1538 543 OGN.
1561 502 1602 542 In
1615 503 1663 542 li-

394 552 467 591 bro
487 555 716 608 Apocryph.
732 555 868 594 Iudith.
883 568 917 595 c.
945 569 988 594 12
1005 556 1044 594 δι
1066 569 1105 607 ¹3
1132 554 1182 596 stc
1193 569 1352 610 quoque
1366 568 1533 597 vocatur
1554 556 1666 602 cubis

391 606 558 647 cularius
571 608 676 648 ducis
691 608 967 662 Holophernis.
987 608 1131 648 szrz.

447 661 483 698 in
496 662 612 700 Schol.
632 663 656 701 l.
674 675 705 701 ι.
719 661 1004 715 Ἀριστοτέλην)
1023 662 1149 702 Solan.
1163 663 1357 715 vulgatam
1379 662 1479 704 hanc
1496 673 1660 704 mutarat

393 713 432 752 in
448 713 698 765 Ἀριστοτέλη,
714 715 789 754 sine
803 717 978 757 auetorit.
999 716 1109 756 male.
1125 716 1224 756 Nam
1240 716 1306 755 etsi
1318 718 1468 756 utrovis
1482 730 1590 757 more
1604 718 1665 757 di-

392 767 426 806 ci
451 765 572 819 potest
587 800 597 816 ,
617 779 659 807 ut
678 770 753 808 vid.
776 769 821 808 ad
836 768 881 808 de
896 769 1016 819 Salt.§
1040 782 1104 818 21,
1117 784 1155 809 v.
1173 782 1235 820 23,
1255 769 1412 822 ἰηἊρη,
1425 782 1553 810 tamen
1565 772 1662 821 Ἀρι-

392 822 573 861 στοτέΜιν
588 821 772 869 usitatius,
785 835 901 875 quam
914 824 1262 875 ἈριστοτέληΝἰά.
1278 823 1399 876 Diog.
1413 824 1538 864 Laert.
1551 825 1591 865 L·
1608 825 1665 871 V.

397 889 416 928 3
438 873 462 912 f.
480 875 518 914 &
531 874 552 913 8
570 889 618 913 m.
632 876 673 915 δι
696 889 741 915 10
756 878 1002 926 Δεμοσὲιένην.
1022 875 1221 928 Quamvis
1237 876 1323 916 ibid.
1343 891 1405 923 12,
1418 878 1665 930 Ἀριστομένη,

395 929 576 1021 morgan,
591 930 630 968 δι
648 929 714 976 ι8,
730 943 792 982 19,
803 930 980 984 Διογένη,
991 930 1169 983 Σωκράτη
1185 929 1408 972 accusativo
1422 931 1513 971 casu
1529 944 1666 973 occur-

393 992 464 1020 rat.
523 993 625 1022 Esz.

451 1037 543 1089 Pag.
561 1036 645 1075 208.
661 1038 683 1076 l.
700 1051 736 1090 9.
761 1037 867 1076 Mus&
883 1037 946 1078 τὴν
962 1036 1082 1091 ἀρχὴν
1096 1039 1246 1088 θεμιτὸν
1260 1034 1384 1091 εἶναι)
1404 1039 1524 1092 Neque
1536 1038 1666 1092 princi·

391 1089 520 1142 piofus
532 1090 603 1141 effi.
616 1090 752 1143 Quam
768 1090 907 1144 potest,
918 1098 1077 1144 quaelo,
1093 1090 1314 1131 sententiam
1331 1093 1470 1132 habere
1484 1092 1577 1132 illud
1592 1093 1670 1134 ine-

395 1142 601 1194 ptiffimum
615 1145 806 1184 Benedicti
820 1145 1066 1198 principium?
1085 1145 1218 1198 Longe
1232 1146 1362 1186 verius
1374 1159 1419 1186 ac
1432 1145 1667 1187 manifestius

394 1196 574 1236 Erasmus
585 1227 596 1243 ,
611 1197 707 1249 nefas
719 1199 780 1250 effi:
802 1200 857 1237 vel
869 1200 985 1237 conari
998 1211 1059 1237 aut
1069 1213 1247 1251 proponere
1263 1200 1432 1254 Bagoam.
1455 1201 1547 1241 Hoc
1565 1200 1667 1242 enim

392 1250 502 1298 vult,
516 1251 668 1303 prorsus
679 1251 751 1291 effe
767 1252 870 1292 nefas
881 1283 892 1299 ‚
905 1265 995 1291 eum
1010 1252 1044 1292 id
1059 1253 1170 1292 velle.
1187 1252 1332 1293 GRON.

450 1306 523 1342 ead.
541 1305 565 1344 l.
584 1318 596 1342 ι
608 1319 641 1357 3.
652 1304 757 1356 Ἱερῶν
774 1302 916 1359 αὐτῶν)
931 1304 1042 1354 Sunt,
1057 1306 1182 1357 quiex
1195 1308 1324 1347 verbis
1337 1307 1454 1348 Deut.
1473 1307 1620 1356 xxm,
1635 1318 1672 1356 1,'

395 1356 493 1395 idem
515 1359 616 1410 apud
639 1359 800 1399 Iudaeos
824 1359 1031 1400 obtinuiffe
1055 1359 1282 1401 existiment.
1299 1362 1370 1402 Sed
1391 1374 1530 1402 errant.
1544 1362 1646 1402 Vide
1660 1393 1671 1408 ,

395 1411 486 1463 quid
503 1413 561 1451 vir
576 1412 738 1452 eximius
753 1413 944 1466 Humplir.
954 1413 1139 1452 Prideaux
1153 1426 1197 1453 ea
1214 1416 1258 1454 de
1271 1429 1312 1455 re
1326 1415 1459 1454 afferat
1473 1415 1568 1455 Hist.
1582 1415 1671 1456 suae

396 1465 439 1504 L.
452 1465 510 1504 VI
522 1496 532 1514 ,
543 1466 664 1507 Partis
684 1466 722 1514 Ι,
739 1480 820 1521 pag.
838 1480 917 1517 400
932 1466 990 1507 ed.
1005 1467 1121 1520 Angl.
1137 1469 1308 1509 minoris.
1322 1469 1500 1510 Gallicae
1511 1482 1608 1510 vero
1619 1469 1669 1511 T.

395 1518 455 1564 11,
476 1532 561 1573 pag.
579 1520 668 1571 265.
684 1521 843 1561 SOLAN.

452 1573 533 1613 ibid.
547 1574 869 1628 Περιῤῥιιντηρίων)
889 1574 985 1627 Vafiz
1001 1575 1152 1628 lustralia
1171 1576 1289 1616 vertit
1315 1576 1419 1629 Gesn.
1438 1577 1478 1617 in
1501 1576 1604 1617 Dial.
1625 1577 1672 1617 de

396 1623 531 1666 Sacris.
548 1640 580 1667 c.
598 1629 820 1681 13.R1=.1‡z.

452 1683 526 1720 ead.
547 1682 570 1719 l.
590 1694 647 1733 15.
671 1683 915 1723 Δυσέιντιιτον
929 1681 1093 1737 δέωμαι)
1116 1683 1205 1723 Vid.
1221 1682 1334 1724 Thes.
1358 1682 1424 1724 Cr.
1446 1683 1502 1733 II,
1521 1697 1616 1738 509,
1631 1684 1673 1725 &

394 1734 582 1775 Nostrum
599 1736 719 1788 Ἐρωτ.
735 1750 766 1777 c.
783 1751 844 1789 39,
859 1736 899 1775 &
911 1737 1059 1786 Ἀποφρ.
1075 1751 1107 1777 c.
1124 1751 1183 1782 ¹7·
1196 1737 1357 1777 SOLAN.

455 1789 544 1841 Pag.
560 1804 648 1843 209.
668 1791 692 1828 l.
708 1804 722 1829 x
734 1805 765 1843 3.
776 1791 989 1837 Ἀσπασία)
1008 1790 1166 1838 Milesia,
1179 1791 1329 1830 Periclis
1344 1791 1552 1844 praecipue
1563 1805 1675 1832 amo-

397 1841 504 1882 ribus
519 1855 628 1883 nota:
645 1845 690 1884 de
703 1857 779 1897 qua
793 1844 832 1884 &
846 1843 1089 1896 sequentibus
1101 1845 1259 1885 consule
1272 1845 1494 1898 Menagium
1508 1846 1545 1884 in
1564 1858 1613 1886 eo
1632 1846 1678 1885 li->

400 1896 490 1944 bro,
501 1910 617 1950 quem
630 1901 668 1937 de
673 1896 814 1950 feminis
822 1897 1031 1951 philosophis
1047 1899 1171 1938 edidit.
1186 1899 1377 1939 Lucianus
1388 1899 1525 1938 iterum
1539 1900 1674 1939 memi-

400 1951 459 1990 nit
473 1951 548 1990 Εἱιι.
568 1964 602 1991 c.
620 1966 678 2001 17.
696 1951 807 1992 Duas
830 1952 998 2004 agnoscit
1013 1952 1237 1992 Scholiastes
1255 1953 1519 2004 Aristophanis
1532 1967 1567 2005 p.
1581 1954 1672 2006 396,

401 2017 518 2058 quem
534 2004 704 2058 sequitur
720 2006 864 2046 Suidas.
883 2005 994 2058 Quin
1011 2005 1088 2058 ipse
1104 2006 1326 2047 Plutarchus
1339 2006 1468 2056 docet,
1484 2007 1673 2060 posterio-

397 2060 468 2105 ris,
484 2072 585 2111 quae
595 2059 696 2111 Cyri
711 2061 871 2100 iunioris
889 2061 1108 2099 concubina
1125 2070 1205 2100 erat
1217 2091 1230 2107 ,
1244 2074 1380 2102 verum
1401 2073 1544 2101 nomen
1557 2060 1668 2102 fuiffe

405 2113 514 2151 Milco
524 2142 537 2159 ,
552 2113 589 2151 in
605 2128 642 2153 v.
655 2113 786 2153 Pericl.
800 2128 834 2165 p.
852 2127 939 2166 301.
955 2114 1115 2153 SOLAN.

404 2219 430 2261 S
457 2167 536 2205 ibid.
564 2167 756 2221 Διοτίμα)
780 2169 868 2207 Vid.
892 2168 1046 2222 Menag.
1073 2168 1136 2208 De
1156 2182 1234 2223 qua
1245 2168 1385 2209 Noster
1404 2168 1479 2208 Εἱιι.
1499 2182 1582 2223 cap.
1611 2169 1673 2211 18.

433 2229 564 2260 OLAN.
805 2235 807 2239 ⁴

456 2275 569 2368 eadS.l.
593 2289 652 2324 14.
674 2275 903 2330 Θαργηλία)
924 2276 1014 2317 Vid.
1036 2275 1143 2316 Loid.
1164 2275 1337 2316 Diffion.
1357 2276 1399 2317 δι
1420 2276 1515 2317 Plut.
1533 2276 1673 2318 Pericle

435 2341 497 2368 00.
539 2339 671 2370 OLAN.

409 2342 428 2382 3
458 2383 538 2421 ibid.
551 2387 614 2423 Τις
632 2406 677 2414 -
694 2381 890 2437 Εὐνοῦχος)
906 2385 1140 2424 phavorinum
1155 2382 1252 2424 hisce
1264 2384 1443 2438 designat,
1459 2384 1527 2436 qui
1542 2383 1673 2437 &ipse

405 2436 617 2476 Eunuchus
638 2450 728 2477 cum
743 2437 852 2487 esset,
865 2438 1038 2478 adulterii
1049 2437 1198 2479 causam
1212 2439 1303 2478 dixit
1313 2469 1324 2486 ,
1338 2437 1430 2478 test'e
1446 2437 1674 2478 Philostrato

402 2490 445 2530 in
458 2490 573 2543 Soph.
586 2492 655 2534 vit.
676 2506 714 2547 p.
728 2491 807 2546 489
817 2518 831 2540 ,
848 2496 957 2546 (erat
970 2493 1071 2534 enim
1085 2493 1198 2534 etiam
1209 2491 1382 2547 Sophista
1393 2492 1635 2537 phavorinus
1648 2492 1669 2546 )
