1730 3326
448 236 542 285 ςμ
648 222 1511 272 ANNoTATIONEs

449 310 600 350 duobus
613 309 662 349 ita
682 310 868 361 loquitur,
889 309 992 362 quafi
1016 310 1064 349 ab
1083 323 1131 350 eo
1145 309 1285 350 fuerint
1306 310 1496 363 adoptati,
1515 326 1602 353 cum
1625 311 1697 364 aiu

449 360 588 403 οὐςῖσα
603 365 767 416 ’γνησίοις
780 362 962 402 ἐπένθησε.
989 363 1072 416 Ego
1085 365 1211 417 itaque
1231 364 1371 404 horum
1387 377 1503 404 unum
1515 367 1574 405 hic
1588 368 1696 408 intel·

445 416 634 468 ligendum
658 416 843 455 existimo.
873 416 1119 456 Philostratus
1142 428 1268 456 autem
1282 447 1293 464 ‚
1319 419 1385 470 qui
1411 419 1575 458 aliorum
1598 421 1696 461 dieta

447 482 531 508 eam
556 470 592 508 in
615 482 693 508 rem
719 470 924 509 memoriae
947 470 1164 517 mandavit,
1191 469 1441 510 Demonaffis
1463 473 1595 512 nullibi
1615 487 1696 514 me-

444 523 563 562 minit.
590 522 746 562 SoLAN.

499 578 571 614 ead.
587 577 611 615 l.
628 589 641 614 1
650 590 687 625 7.
698 574 797 628 Τρεῖς
811 574 906 628 &c.)
921 576 1018 614 Vitle
1030 575 1164 615 Iuliani
1177 575 1272 628 Imp.
1286 575 1399 629 Epist.
1411 577 1559 617 XXXV
1567 577 1614 625 11,
1625 579 1695 619 ubi

444 628 600 669 fimilem
615 629 728 668 habes
740 629 784 667 de
797 628 920 668 Dario
941 629 982 668 δι
996 629 1227 669 Democrito
1245 631 1512 669 narrationem.
1536 631 1693 673 Some.

500 684 592 733 Pag.
607 697 692 731 244.
705 683 728 721 l.
749 682 1080 735 ιο.Ἀσκληπιεῖσν)
1094 683 1242 734 ν.“Ερμ.
1253 695 1284 721 c.
1298 696 1358 734 37,
1373 683 1522 723 &Suid.
1533 684 1691 726 SOLAN.

500 738 573 774 ead.
587 736 610 774 l.
628 750 684 784 14.
700 735 986 788 Ἀπαιὸεὑτσυς)
1002 735 1141 775 Forsan
1159 735 1414 775 ἀπαιδεύτως.
1436 736 1593 777 SOLAN.

499 789 590 842 Pag.
604 803 690 841 245.
708 789 730 826 l.
749 802 778 826 t.
796 788 1077 841 Ἀγαθοκλέους)
1101 789 1365 842 Peripateticus
1379 790 1439 829 hic
1451 820 1463 835 ,
1484 790 1528 829 de
1543 803 1625 843 quo
1638 791 1694 831 ni-

446 842 498 880 hil
513 843 681 881 invenio.
702 842 832 881 Alium
845 842 1098 893 Agathoclem
1110 843 1278 882 Stoicum
1296 843 1380 882 alibi
1394 845 1696 896 memorat’lmp.

444 908 526 948 cap.
544 896 602 935 16.
617 895 811 947 Cynicum
831 895 945 934 alium
959 894 1041 948 Τοξ.
1055 908 1087 935 c.
1105 910 1120 934 1
1130 911 1165 943 2,
1181 895 1220 934 &
1232 895 1257 936 f.
1269 895 1398 935 Alium
1414 897 1601 937 medicum
1621 902 1694 937 Ka.-

442 960 567 989 πιπλ.
586 962 620 988 c.
636 952 670 988 6.
692 949 849 988 SOLAN.

497 1006 569 1041 ead.
580 1003 603 1041 l.
623 1017 653 1054 5.
677 1001 789 1053 Κεθίν)
801 1017 839 1040 ου
854 1000 898 1041 ἑὲ
916 1000 982 1040 τοῦ
995 999 1080 1054 ὑπ’.)
1107 1001 1226 1042 Anno
1245 1001 1337 1042 Chr.
1353 1001 1531 1042 CLXXII
1551 1002 1693 1044 Cethe-

422 1060 424 1063 ’
443 1069 533 1110 gum
546 1055 753 1096 Consulem
769 1056 940 1096 invenio.
963 1056 1119 1094 SOLAN.

498 1113 570 1148 ead.
587 1112 609 1148 l.
629 1110 663 1148 6.
681 1110 918 1159 Πρεσβεὺσων
933 1108 984 1158 τῷ
994 1109 1130 1161 πατρὶ)
1153 1108 1214 1148 An
1229 1108 1268 1148 δι
1280 1108 1379 1162 apud
1389 1107 1483 1147 alios
1494 1108 1569 1148 hoc
1584 1109 1692 1151 sensu

441 1163 678 1210 inveniatur,
698 1163 830 1202 dubito
841 1193 853 1211 ,
868 1162 1040 1203 Graecos
1057 1162 1194 1203 scilicet
1205 1193 1217 1213 ,
1237 1175 1324 1201 nam
1338 1162 1522 1202 Romanis
1537 1162 1694 1204 familia-

441 1229 484 1257 re
504 1216 567 1256 est.
591 1216 747 1256 SOLAN.

496 1273 569 1308 ead.
590 1271 615 1308 l.
625 1284 661 1315 7.
674 1267 826 1308 'Emisit
842 1267 912 1307 τῶν
926 1267 1073 1320 ἑταίρων
1084 1283 1144 1309 τις
1159 1267 1239 1320 ὁρῶν
1256 1267 1385 1308 ταῦτα
1395 1298 1408 1314 ,
1434 1267 1566 1321 ἔλεγεν
1579 1265 1692 1310 anfi-m

439 1325 556 1374 μέγα
570 1322 744 1374 κάθαρμα
759 1320 866 1369 εἶναι,
888 1324 952 1360 Μὰ.
966 1326 1025 1361 τὸν
1038 1323 1110 1369 Δί’,
1123 1322 1211 1371 ἔφηὸ
1226 1322 1429 1374 Δημῶναξ,
1443 1319 1527 1362 ads&
1542 1324 1691 1377 μέγα.)

441 1376 503 1416 Sic
524 1375 735 1428 legendum.
751 1376 885 1427 Vulgo
900 1370 926 1414 ὗ
943 1375 1141 1428 Δημῶναξ,
1161 1375 1272 1416 male:
1299 1375 1375 1429 ipse
1393 1376 1427 1415 id
1439 1377 1533 1415 dixit
1545 1375 1695 1417 Demo-

440 1442 528 1468 nax.
551 1429 700 1470 Scilicet
713 1440 862 1469 enarrat
882 1429 1073 1469 Lucianus
1087 1430 1226 1477 multa,
1245 1443 1342 1482 quae
1358 1429 1563 1469 Demonax
1578 1432 1691 1470 vario

438 1493 615 1534 tempore
627 1513 639 1529 ,
658 1482 877 1535 tempestive
899 1483 943 1522 de
958 1482 1179 1536 quibusdam
1195 1484 1258 1522 vel
1269 1483 1484 1523 hominibus
1496 1483 1559 1523 vel
1578 1483 1693 1525 rebus

437 1537 575 1575 dixerit
586 1535 886 1589 responderitve:
901 1536 998 1575 inter
1008 1537 1078 1576 alia
1087 1537 1201 1576 etiam
1216 1536 1310 1584 hoc;
1331 1535 1507 1576 nimirum
1520 1548 1609 1576 cum
1618 1536 1694 1579 Ce⁴

437 1590 576 1642 thegus
590 1591 745 1643 quidam
758 1588 966 1630 consularis
977 1590 1095 1630 multa
1110 1589 1266 1629 ridicula
1277 1590 1316 1630 δε
1328 1590 1464 1631 diceret
1480 1589 1520 1629 &
1529 1588 1668 1632 faceret
1677 1620 1694 1640 ,

439 1656 485 1682 ac
503 1643 637 1696 aliquis
650 1644 839 1684 sociorum
858 1656 1038 1696 magnum
1054 1656 1141 1684 eum
1162 1642 1236 1684 effe
1250 1643 1370 1683 scelus
1387 1644 1548 1692 diceret,
1569 1644 1693 1686 aiebat

438 1695 663 1746 Demonax‚
679 1699 734 1737 Ne
747 1712 903 1751 magnum
916 1699 1060 1749 quidem,
1072 1697 1209 1737 scilicet
1223 1709 1312 1737 eum
1324 1696 1396 1737 effe
1409 1697 1539 1737 scelus.
1559 1695 1665 1738 Itns.
1688 1711 1691 1714 ·

438 1759 443 1764 ·
494 1753 566 1844 easd.
581 1752 604 1790 l.
618 1765 654 1803 9.
677 1750 718 1789 Ὁ
730 1750 940 1803 Δημῶναξ)
964 1751 1024 1792 Sic
1037 1751 1081 1792 B.
1097 1765 1132 1791 2.
1154 1751 1266 1791 reCQe.
1281 1751 1434 1806 Reliqui
1450 1751 1536 1791 libri
1550 1745 1592 1801 εἷ,
1606 1764 1693 1806 pra·

436 1817 499 1845 ve.
551 1816 679 1844 oLAN.

491 1859 571 1897 ibid.
598 1857 695 1898 Οὗὲὲ
711 1858 849 1912 μέγα)
873 1857 970 1897 Illud
984 1853 1087 1897 οὐδὲν
1098 1858 1208 1911 μέγα
1220 1857 1307 1897 vide
1320 1858 1421 1911 apud
1434 1857 1551 1910 Diog.
1564 1857 1692 1900 Lafirt.

439 1912 517 1960 148
535 1912 581 1952 C.
600 1912 690 1951 nihil
699 1913 825 1951 mirum.
855 1912 900 1951 Et
913 1912 1013 1964 apud
1023 1910 1141 1963 ipsum
1155 1911 1338 1951 Nostrum
1352 1911 1492 1963 Φιλοψ.
1510 1924 1544 1951 c.
1565 1913 1630 1959 16,
1650 1907 1691 1952 οὗ

433 1967 555 2018 μέγα.
571 1964 712 2017 oasim
725 1965 874 2012 scilicet,
895 1967 959 2005 vel
971 1964 1089 2004 simile
1104 1965 1195 2018 quid
1209 1965 1392 2005 subintelli
1422 1966 1507 2005 itur.
1522 1965 1613 2005 Hoc
1624 1977 1692 2007 au·

436 2031 514 2059 tem
529 2018 628 2059 ἀίἑὶο
644 2019 744 2059 haud
756 2019 869 2059 dubie
882 2029 1027 2073 patrem
1042 2019 1154 2058 huius
1173 2019 1291 2071 petit;
1312 2032 1387 2072 qua
1405 2033 1417 2059 ι
1434 2019 1597 2066 diceret,
1619 2027 1691 2060 nec

435 2073 575 2114 mirum
589 2072 641 2113 est
651 2104 665 2120 ,
681 2073 742 2112 tali
754 2084 859 2126 patre
870 2084 998 2112 ortum
1012 2084 1088 2112 tam
1099 2071 1253 2111 stultum
1265 2071 1338 2113 effe
1350 2071 1481 2115 filium.
1503 2071 1662 2114 somn.
1685 2109 1689 2115 .

491 2128 566 2166 ead.
578 2128 602 2166 l.
617 2140 630 2165 1
644 2140 672 2167 1.
686 2126 998 2180 Μετάπεμπτος)
1013 2125 1253 2179 Capitolinus
1265 2127 1302 2165 in
1312 2126 1512 2166 Antonino
1525 2125 1595 2166 Pio
1609 2138 1694 2181 cap.

440 2193 506 2230 10,
519 2181 617 2220 cuius
632 2181 810 2220 avaritiam
821 2181 918 2219 etiam
928 2183 963 2219 ιἰι
975 2181 1172 2221 mercedibus
1182 2181 1322 2220 notavit.
1346 2178 1459 2233 (vide
1474 2178 1692 2222 Casauboni

437 2235 484 2275 ad
497 2246 584 2273 eum
596 2235 727 2274 locum
741 2233 881 2284 notas.)
908 2235 1011 2274 Hinc
1021 2233 1073 2274 est
1084 2265 1097 2282 ‚
1118 2234 1222 2287 quod
1235 2247 1306 2273 eum
1321 2233 1381 2273 hic
1389 2232 1596 2287 Demonax
1615 2236 1691 2273 c‘um

437 2289 566 2341 agmine
573 2288 640 2340 fico
657 2304 793 2328 aureum
808 2289 915 2327 vellus
926 2301 1030 2340 petere
1042 2289 1114 2336 ait;
1142 2289 1231 2328 ioco
1257 2288 1419 2341 duplici:
1444 2282 1574 2327 alludit
1590 2287 1691 2327 enim

432 2343 546 2382 etiam
560 2342 605 2381 ad
615 2342 727 2382 alium
743 2342 1009 2395 Apollonium,
1022 2343 1130 2382 cuius
1141 2342 1402 2395 Argonautica
1416 2352 1519 2380 nota.
1530 2340 1689 2382 Sourt-

491 2399 565 2435 ead.
583 2398 607 2434 l.
627 2409 683 2435 12.
701 2396 782 2434 Ἐπὶ
797 2396 959 2445 παιδείᾳ
971 2395 1023 2445 τῷ
1034 2395 1191 2441 βασιλεῖ
1199 2394 1450 2448 συνεσόμενος)
1477 2395 1556 2436 lnte
1603 2406 1635 2434 r.
1652 2406 1693 2434 ue

436 2450 520 2502 regis
531 2449 610 2501 qffet
618 2460 818 2502 praeceptor.
830 2448 905 2489 Pro
920 2450 1003 2501 regis
1019 2451 1144 2503 potius
1161 2461 1318 2502 repone,
1332 2447 1552 2501 Imperatoris.
1589 2461 1694 2501 mpe-

435 2515 583 2545 ratores
595 2514 729 2546 autem
741 2502 943 2545 Romanos
955 2502 1116 2546 Graecis
1122 2502 1366 2558 scriptoribus
1379 2502 1552 2552 βασιλεῖς
1563 2497 1703 2557 appel-'-
