1730 3326
401 238 499 289 am
600 226 1467 277 ANNOTATIONES

402 309 491 349 sunt
505 309 572 350 υἷι.
589 312 650 352 Sic
662 311 802 352 Noster
821 312 953 353 Somn.
974 313 991 362 §
1013 313 1059 362 6,
1082 312 1151 352 8220
1165 313 1341 366 ’γυναῖκες
1361 313 1567 362 λαβόμεναι
1579 313 1664 355 ταῖν

402 364 542 415 χεροῖν.
564 366 640 405 Ubi
661 365 745 418 post
762 366 830 404 sao
846 366 1030 419 pluralem
1053 367 1186 413 habet,
1207 378 1250 406 ut
1265 368 1397 407 millies
1412 368 1524 414 alibi,
1541 384 1664 408 manus

401 429 501 456 vero
520 419 558 456 in
580 419 683 458 duali
703 419 888 468 collocat,
903 420 1008 472 quod
1029 420 1180 472 quidem
1205 419 1379 461 usitatius
1401 421 1440 460 in
1457 421 1663 470 membris,

403 483 505 522 quae
523 483 658 512 natura
677 472 767 512 bina
787 471 891 518 sunt,
907 484 950 512 ut
972 474 1098 518 oculi,
1119 486 1252 520 aures,
1267 487 1400 514 manus
1413 505 1423 522 ‚
1444 475 1578 526 pedes,
1594 488 1665 516 nec

401 532 532 563 tamen
546 535 792 577 perpetuum:
807 539 900 565 mox
916 526 1016 566 enim
1037 527 1123 566 ibid.
1145 526 1293 567 rursum
1308 528 1359 566 ait
1374 527 1428 565 τὼ
1445 528 1533 566 θείω
1547 529 1669 578 ἀμφο-

402 578 509 629 τέρω,
521 589 558 617 at
573 590 707 618 contra
721 578 838 632 paulo
852 578 984 632 supra,
997 578 1065 618 soe
1084 581 1301 630 ὀφθαλμοὺς.
1313 580 1375 620 Sic
1393 581 1555 620 Homer.
1572 581 1667 621 dua-

404 630 480 670 lem
496 631 536 672 δι
553 633 737 688 ρΙυτεΙεΗι
754 633 955 685 coniungit
970 633 1176 673 admodum
1199 633 1433 686 frequenter,
1451 646 1492 673 ut
1513 634 1614 674 Iliad.
1629 639 1668 682 1,

407 697 498 736 197,
514 687 683 736 Χαίρετον
696 688 714 726 ἡ
731 688 833 735 φίλοι
854 685 983 737 ἄνδρες
994 685 1160 726 ἱκάνετον
1176 687 1250 727 δῖε.
1273 687 1459 740 Exempla
1469 700 1518 727 ex
1532 688 1669 728 Lucia-

403 751 459 777 no
473 740 754 790 antiquioribus
767 739 894 778 similia
911 741 1018 792 plena
1034 753 1152 779 manu
1170 739 1352 794 congeffit
1365 739 1478 780 frater
1496 742 1668 794 optimus

405 791 455 832 G.
473 791 523 831 Ο.
540 792 711 833 Reitzius
733 794 773 832 in
791 792 896 845 Belg.
919 793 1101 833 Graeciff.
1119 807 1153 845 p.
1169 806 1289 845 50—5
1300 809 1333 832 2.
1348 794 1482 840 Addo,
1497 795 1603 847 quod
1615 808 1669 835 ra-

402 845 506 891 rius,
519 845 546 884 fi
569 859 703 885 verum
717 845 788 893 est,
805 845 955 886 dualem
978 861 1050 900 pro
1064 847 1196 900 plurali
1218 847 1256 886 in
1271 848 1434 888 Homer.
1449 847 1552 888 lliad.
1572 853 1605 895 1,
1622 863 1663 889 v.

409 897 484 938 182
497 930 508 948 ,
523 899 569 938 ab
591 899 796 939 Scholiaste
811 911 986 939 notatum
1007 901 1045 939 in
1064 901 1151 940 edit.
1173 901 1343 953 Hervag.
1362 913 1448 954 pag.
1463 903 1546 941 161.
1561 903 1670 943 Ἔνιοι

404 952 457 992 ait
468 982 478 1000 ,
494 952 538 992 δ’*ὲ
553 953 708 1007 λέγουσι
724 954 1116 1005 συμπεπρεσβευκέναι
1134 955 1196 993 καὶ
1218 955 1376 993 Φοίνικα..
1396 956 1459 994 καὶ
1474 952 1560 994 οὐδὲ
1573 951 1670 995 εἶναι

404 1004 594 1057 τεκμήριον
619 1010 679 1045 τ“ον
702 1009 809 1058 παρὰ
829 1007 881 1057 τῷ
904 1007 1044 1057 Ποιητῇ
1064 1007 1222 1059 ἀριθμόν.
1243 1009 1436 1048 πολλάκις
1455 1007 1500 1048 δὲ
1518 1009 1583 1047 καὶ
1604 1009 1670 1048 ἐπὶ

404 1063 578 1100 πλειονων
593 1057 706 1100 αὖτδν
722 1062 927 1115 τετάχθαι·
940 1060 984 1101 ὦς
1001 1063 1063 1101 καὶ
1077 1062 1139 1101 ἐπὶ
1155 1060 1220 1100 τοῦ
1228 1060 1282 1112 μὴ
1294 1061 1332 1101 νύ
1352 1076 1408 1100 τοι
1421 1058 1460 1099 οὗ
1472 1063 1670 1115 χραίσμω-

405 1129 464 1154 σιν
478 1114 641 1153 Scaeas-1¹
659 1115 726 1154 εὶσ’
738 1115 772 1154 ἐν
793 1114 974 1166 Ὀλύμπῳ
989 1110 1108 1155 ἷισσον
1122 1114 1234 1161 ἰόντε,
1255 1115 1319 1154 καὶ
1334 1112 1380 1155 ὣς
1395 1114 1458 1155 ἐπὶ
1470 1147 1482 1163 ,
1495 1115 1549 1154 τὼ
1558 1116 1671 1166 κούρω

405 1167 558 1218 κριθέντε
574 1167 641 1207 Suo
660 1169 724 1206 mi
742 1167 984 1209 πεντήκοντα.
997 1170 1147 1209 Verum
1167 1168 1319 1209 eosdem
1332 1169 1417 1208 illos
1429 1170 1596 1221 graviter
1607 1182 1673 1209 er-

406 1234 506 1267 rare,
523 1222 589 1273 qui
606 1222 680 1261 hoc
693 1221 792 1270 ἰόντ’,
809 1223 911 1274 quod
923 1222 974 1262 est
985 1235 1034 1262 ex
1049 1222 1088 1262 ll.
1102 1226 1146 1269 A,
1165 1224 1251 1274 567,
1265 1236 1336 1275 pro
1348 1223 1448 1262 duali
1464 1222 1672 1276 accipiunt,

406 1287 495 1313 cum
511 1273 554 1312 fit
576 1287 648 1327 pro
667 1275 798 1315 dativo
818 1275 906 1315 ι’όντι
921 1276 1105 1327 positum,
1125 1275 1226 1316 refie
1245 1277 1418 1329 pluribus
1438 1275 1672 1316 demonstrat

405 1328 441 1367 S.
456 1326 595 1367 Clarke
609 1328 655 1367 ad
668 1342 756 1367 eum
777 1328 940 1368 versum.
961 1330 1115 1369 Interim
1130 1330 1168 1368 in
1190 1330 1310 1369 altero
1324 1330 1502 1382 exemplo
1520 1343 1599 1370 non
1621 1330 1674 1368 di·

404 1382 530 1420 xerim
553 1382 663 1433 plane
685 1381 812 1421 falsam
833 1382 906 1422 effe
926 1382 1155 1423 Scholiastae
1175 1382 1505 1432 observationem,
1527 1385 1575 1424 de
1595 1396 1673 1436 qua

405 1434 715 1483 Clai⁴kiustacet3
730 1436 796 1476 etsl
809 1436 936 1476 rursus
945 1437 978 1475 ei
991 1436 1183 1483 affendor,
1199 1435 1349 1476 versum
1363 1437 1469 1476 illum
1484 1437 1564 1482 11.1‚
1582 1437 1674 1487 182,

410 1489 468 1527 Τὼ
480 1489 524 1528 δὲ
537 1491 667 1535 βάτην,
679 1491 724 1529 ad
734 1490 889 1530 Aiacem
905 1491 943 1530 &
957 1489 1131 1542 Ulyffem
1146 1489 1246 1530 solos
1258 1490 1433 1530 referenti
1442 1503 1530 1531 cum
1542 1491 1674 1530 Schol.
1728 1523 1730 1528 .

407 1543 625 1583 Viftorian.
639 1544 737 1583 Nam
752 1545 970 1596 exemplum
985 1545 1075 1583 illud
1090 1543 1329 1592 Scholiastae‚
1343 1545 1449 1597 quod
1468 1557 1517 1584 ex
1532 1544 1674 1597 Odyff.
1728 1576 1730 1586 .

409 1602 457 1644 Θ,
473 1596 522 1646 48
535 1626 544 1642 ‚
560 1596 612 1636 est
624 1599 782 1650 petitum
793 1629 804 1647 ‚
821 1599 886 1636 ubi
900 1598 1012 1650 Κούρω
1026 1596 1071 1637 s&
1092 1598 1250 1649 κριθέντε
1267 1598 1344 1637 θύω
1358 1599 1421 1637 καὶ
1438 1594 1675 1639 πεντήκοντα
1728 1623 1730 1640 ι

409 1651 536 1698 Bit-tm,
556 1652 692 1690 iuvenes
713 1667 789 1691 vero
803 1652 888 1691 elefli
902 1654 972 1691 duo
992 1652 1027 1690 δ’
1040 1652 1284 1705 quinquaginta
1298 1652 1399 1690 Ibant
1408 1682 1421 1700 ,
1436 1650 1674 1692 manifestum

411 1704 562 1744 dualem
579 1705 742 1745 nominis
760 1704 800 1744 &
822 1707 929 1745 verbi
950 1705 1088 1752 habet,
1101 1717 1264 1746 numero
1285 1718 1328 1757 52
1345 1706 1520 1745 virorum
1541 1706 1676 1745 adiun-

412 1758 537 1798 &umz
560 1758 610 1797 ita
628 1770 754 1799 tamen
773 1760 1012 1807 adiunfium,
1036 1772 1080 1798 ut
1098 1759 1249 1809 divelli,
1265 1759 1307 1798 &
1321 1758 1367 1798 ad
1389 1772 1595 1798 numerum
1605 1761 1675 1799 duo

409 1811 489 1852 fine
503 1810 733 1853 πεντίιωντει
745 1811 948 1865 Γρεᾶειωιῃ
959 1843 972 1860 ,
987 1813 1080 1852 trahi
1103 1824 1240 1866 queat:
1258 1811 1363 1866 quast
1382 1812 1604 1853 bimembris
1617 1811 1676 1853 es-

409 1865 463 1906 set
477 1868 622 1912 oratio,
635 1867 688 1904 illi
705 1871 770 1906 duo
784 1868 892 1915 ibant,
907 1868 942 1906 ‹5›
954 1867 1219 1921 quinquaginta,
1241 1866 1433 1907 intelleeto
1447 1866 1570 1906 altero
1585 1868 1674 1920 plu·
1725 1883 1730 1910 ε

409 1920 504 1965 rali,
527 1921 629 1959 ibant.
649 1920 781 1960 Veluti
793 1921 937 1961 Latinis
959 1933 1038 1960 non
1062 1919 1303 1974 infrequens,
1317 1921 1369 1959 illi
1387 1921 1517 1966 multa,
1535 1934 1575 1960 ιιι
1588 1920 1677 1960 nihil

411 1975 555 2020 dicebas,
571 1975 636 2013 ubi
650 1973 803 2026 pluralis
816 1976 968 2014 dicebant
984 1975 1190 2014 omittitur:
1206 1973 1273 2014 etsi
1286 1973 1456 2014 discretio
1472 1974 1523 2013 ibi
1539 1975 1678 2022 maior,

412 2039 541 2067 tamen
556 2028 601 2067 ad
617 2027 903 2069 illustrationem
917 2028 1015 2069 facit.
1031 2028 1112 2068 Nec
1124 2028 1225 2067 enim
1239 2029 1290 2067 ita
1302 2026 1558 2068 indifferenter
1575 2028 1678 2068 dual.

416 2081 457 2121 δι
470 2081 566 2134 plur.
588 2083 795 2134 permutari
812 2082 914 2134 posse
937 2083 1117 2129 arbitror,
1133 2093 1175 2122 ut
1193 2082 1347 2135 perinde
1360 2080 1426 2122 fit:
1446 2094 1532 2120 nam
1548 2083 1679 2122 omnis

414 2136 566 2188 quidem
580 2135 700 2175 dualis
712 2135 765 2176 est
786 2137 941 2188 pluralis
953 2168 965 2183 ,
980 2147 1017 2176 at
1033 2149 1112 2176 non
1130 2134 1290 2176 inverse.
1310 2135 1348 2175 Si
1367 2136 1428 2175 cui
1451 2146 1577 2174 autem
1596 2148 1678 2175 cer-

414 2191 491 2229 tius
505 2189 672 2236 constet,
688 2190 838 2230 dualem
857 2190 947 2230 nihil
971 2190 1072 2230 aliud
1092 2188 1188 2238 effe,
1207 2203 1322 2242 quam
1347 2190 1542 2241 antiquam
1563 2189 1680 2229 diale-

416 2243 519 2282 &um
534 2244 717 2290 Atticam,
728 2243 792 2284 seu
804 2245 1013 2284 variantem
1025 2243 1179 2296 pluralis
1190 2244 1338 2283 numeri
1352 2243 1679 2290 terminationem,

415 2309 460 2336 ut
472 2296 586 2337 frater
606 2297 724 2337 modo
744 2297 917 2338 laudatus
928 2311 1016 2338 cum
1035 2297 1118 2336 aliis
1134 2297 1340 2344 existiman
1356 2297 1473 2336 velim
1487 2297 1679 2350 apertiora
1723 2303 1729 2316 ²

417 2350 633 2390 testimonia
647 2352 928 2404 producantur:
945 2365 1032 2391 nam
1044 2351 1084 2391 δι
1100 2350 1190 2390 illud
1205 2351 1367 2391 Homeri
1379 2350 1422 2390 Il.
1438 2359 1472 2390 Δ
1483 2364 1588 2402 ,-452
1601 2381 1611 2398 ‚
1629 2371 1678 2382 -·-

418 2404 614 2456 Χείμαῤῥοι
627 2405 810 2456 ποταμοὶ,
821 2406 907 2444 κατ’
918 2405 1038 2457 ’ὄρεσφι
1050 2404 1516 2456 ῥέοντες-συμβάλλετον,
1529 2405 1575 2445 de
1585 2404 1681 2444 duo-

419 2458 492 2499 bus
504 2458 635 2498 fluviis
645 2458 745 2498 re&e
760 2459 992 2512 intelligitur.
1005 2459 1147 2499 Rm‘rz.

474 2514 547 2552 ead.
566 2513 591 2553 l.
607 2526 622 2553 1
632 2527 666 2554 2.
684 2511 840 2567 Οἱηθῇς)
857 2513 1032 2558 Οἱηθείης.
1047 2512 1219 2555 Gustu-r.
1237 2510 1455 2567 Quaestum
1466 2541 1479 2562 ,
1493 2523 1608 2566 quem
1622 2509 1681 2558 A<
