1730 3326
385 244 480 305 406
575 244 1451 294 ANNOTATIONES

381 344 534 386 aperto.
552 332 614 372 Ad
629 333 727 372 hanc
743 331 914 372 fraudem
934 332 1131 384 tegendam
1157 333 1331 385 responsa
1346 334 1534 373 debebant
1547 345 1654 374 exte·
1728 339 1730 387 ᾗ

386 388 468 425 rius
484 385 630 426 inscribi
644 416 657 432 ,
671 399 751 425 non
767 387 862 425 intra
875 387 1014 425 librum
1031 386 1098 438 ipsi
1111 386 1323 437 quaestioni
1339 387 1539 434 subscribi;
1553 388 1652 428 alio·

386 440 453 490 qui
471 440 572 478 enim
588 438 689 479 fraus
706 440 818 479 nimis
830 438 943 479 crassa
958 440 1069 478 etiam
1089 438 1252 491 suspecla
1275 439 1395 480 fuiffet
1409 441 1653 481 multitudini.

390 493 438 533 Et
450 493 641 533 Lucianus
660 492 859 532 artificium
877 492 972 532 clam
992 491 1201 544 resignandi
1221 493 1366 533 libellos
1385 494 1582 546 detegens,
1597 494 1654 533 di-

387 545 622 597 serte'prodit
635 578 646 595 ,
661 545 1031 599 pseudoprophetam
1047 552 1092 584 ea
1104 576 1116 593 ,
1132 558 1231 598 quae
1247 546 1406 599 quisque
1426 546 1654 597 sciscitabat‚

388 599 440 639 fic
460 599 606 652 legisse,
629 599 843 651 inspexisse,
866 611 945 638 non
967 599 1105 638 addens
1125 599 1174 637 ibi
1195 612 1355 652 quoque
1377 599 1568 640 subiecisse
1590 614 1652 640 re-

389 652 567 705 sponsum
578 683 591 698 ‚
607 654 711 705 quod
726 665 804 692 non
819 651 1013 697 omififfet,
1029 651 1058 690 fi
1077 665 1210 691 verum
1226 651 1337 692 foret.
1354 652 1480 692 Immo
1492 653 1533 692 δι
1549 653 1654 694 dein-

383 707 437 746 de
450 720 532 758 cap.
549 720 613 752 21,
629 719 827 757 exponens
842 716 961 743 artem
977 704 1079 757 signa
1094 706 1274 751 tollendi,
1294 705 1423 745 rursus
1443 708 1496 745 ait
1507 737 1516 755 ‚
1530 707 1653 759 impo-

389 759 529 799 storem
548 759 654 811 signo
667 759 814 798 sublato
833 759 976 798 libellum
995 759 1128 811 legzffe‚
1141 771 1185 797 ac
1199 757 1320 798 statim
1334 760 1462 798 denuo
1473 759 1651 800 claufiffe.

391 813 470 853 Ubi
493 812 619 852 rursus
635 823 824 857 narratur,
840 813 952 851 [eblum
964 824 1094 851 tantum
1107 813 1250 850 libellum
1263 842 1273 860 ‚
1289 814 1334 852 de
1341 812 1584 866 subscriptione
1602 816 1656 853 ni·

391 866 466 913 hil,
481 868 623 919 quippe
637 879 736 919 quae
754 878 833 904 tum
857 878 936 905 non
959 864 1098 911 fiebat,
1119 865 1179 905 sed
1199 865 1329 917 postea
1342 880 1353 914 ;
1368 866 1474 918 quod
1492 867 1555 906 vel
1572 866 1654 907 fieri

391 930 545 972 poterat
559 932 689 959 coram
717 919 879 972 populo.
902 918 974 958 Sed
996 914 1169 970 ὑπογεγ.
1186 930 1313 958 tamen
1335 932 1470 959 verum
1491 920 1566 968 est;
1582 933 1653 960 nec

391 973 574 1026 fignificat
589 975 685 1013 adeo
702 973 830 1013 locum
844 1002 854 1020 ,
870 972 938 1012 ubi
961 972 1140 1024 scriptum
1155 972 1198 1011 stt
1218 971 1435 1026 responsum
1448 1004 1461 1020 ,
1477 973 1538 1013 sed
1557 974 1655 1013 rela-

391 1029 535 1066 tionem
561 1028 606 1066 ad
628 1027 887 1080 quaestionem
911 1026 1159 1079 propositam.
1190 1026 1235 1065 Et
1256 1026 1306 1066 sic
1331 1026 1479 1066 rursum
1506 1027 1558 1067 est
1581 1027 1653 1068 hac

392 1080 488 1121 Diff.
501 1093 534 1121 c.
548 1096 601 1134 49
617 1081 656 1120 δι
675 1095 732 1133 53.
746 1081 806 1120 Sic
826 1079 897 1119 ὑπὸ
910 1082 946 1118 in
963 1079 1187 1132 compositis
1202 1079 1294 1119 solet
1309 1079 1526 1133 responsum
1546 1080 1656 1133 figni-

392 1133 528 1182 ficare,
542 1147 583 1173 ut
601 1136 638 1173 in
655 1133 869 1178 ὑπολαβεῖν,
884 1132 1036 1185 aliisque
1048 1164 1060 1179 ‚
1075 1145 1115 1173 ut
1127 1135 1225 1185 apud
1239 1132 1381 1185 Aesop.
1397 1133 1486 1173 Fab.
1500 1136 1551 1186 69
1562 1165 1573 1183 ,
1588 1135 1655 1174 καὶ

392 1185 414 1227 ἦ
430 1183 470 1226 ἷῗς
483 1186 726 1233 υπολειβοῦσει
739 1216 750 1234 ,
766 1188 831 1226 ubi
847 1187 884 1225 in
899 1187 977 1226 aliis
988 1198 1114 1227 tamen
1129 1188 1287 1226 invenio
1303 1184 1559 1238 ὑποτυχοῦσα
1571 1219 1583 1234 ,
1599 1204 1655 1228 oc-

391 1256 548 1280 currens.-
561 1242 666 1293 quod
688 1242 731 1280 ad
750 1239 920 1279 nostrum
936 1252 1061 1279 tamen
1087 1240 1241 1292 scopum
1265 1241 1363 1280 idem
1383 1241 1447 1280 est.
1468 1240 1540 1280 Sed
1559 1241 1649 1280 Fab.

392 1292 444 1331 88
458 1324 469 1340 ,
486 1292 681 1339 ὑπολαβὼν
695 1294 738 1333 Σὲ
755 1293 770 1331 ὃ
783 1292 945 1341 πίθηκος,
959 1294 999 1332 &
1012 1294 1109 1332 alibi.
1124 1294 1184 1334 Sic
1191 1294 1360 1346 suscipere
1370 1307 1442 1348 pro
1454 1294 1655 1347 responde·

392 1359 460 1394 re,
474 1348 675 1400 Virg.V1,
691 1362 780 1400 723.
797 1346 936 1385 Rmrz.

447 1403 519 1439 ead.
533 1402 556 1439 l.
573 1416 608 1454 9.
623 1404 714 1453 Πρὸς
729 1401 811 1439 ἔπος
825 1400 842 1453 )
855 1401 927 1439 Hic
943 1399 1126 1453 fignificat
1135 1415 1197 1452 pro
1212 1415 1245 1439 re
1257 1414 1340 1440 nata
1350 1431 1363 1448 ‚
1379 1402 1443 1441 vel
1455 1405 1504 1442 ad
1511 1417 1576 1441 rem
1589 1416 1653 1453 ap-

389 1456 511 1509 postte.-
528 1455 631 1506 quod
646 1455 798 1507 quidem
813 1465 960 1494 notum.
975 1455 1072 1493 Nam
1088 1453 1154 1494 ets1
1169 1455 1313 1494 carmine
1327 1453 1552 1508 respondere
1567 1454 1654 1494 soli-

392 1520 455 1548 tus
470 1507 515 1547 fit
526 1537 535 1554 ‚
552 1508 590 1548 &
612 1509 761 1549 locutio
778 1503 879 1546 οὗὲὲν
896 1510 985 1558 ’πρὶς
1001 1507 1102 1555 ἔπος,
1119 1509 1208 1547 nihil
1222 1511 1362 1555 adrem,
1377 1521 1536 1562 quoque
1552 1509 1651 1548 idem

393 1561 460 1608 fit,
473 1562 577 1614 quod
591 1563 678 1601 nihil
688 1564 738 1601 ad
752 1562 968 1613 rhythmum,
987 1572 1114 1600 tamen
1134 1565 1223 1611 πρὸς
1237 1562 1325 1602 ἔπος
1347 1562 1500 1616 γράφειν
1515 1561 1654 1616 signifi-

394 1628 482 1656 care
494 1616 636 1656 carmine
647 1616 844 1667 conscribere
854 1645 865 1661 ‚
882 1627 960 1654 non
975 1615 1100 1655 video.
1118 1615 1262 1654 REsz.

448 1672 520 1707 ead.
538 1671 559 1709 l.
579 1684 593 1708 1
605 1684 635 1708 2.
648 1669 797 1721 Κορύζης
806 1668 960 1719 μεστοῖς
975 1669 1040 1709 τὴν
1054 1668 1150 1722 ῥίναι)
1163 1668 1281 1723 Saepe
1295 1668 1415 1710 utitur
1428 1669 1499 1709 hac
1516 1668 1654 1722 phrasi,

393 1733 437 1764 ut
451 1722 568 1763 Mort.
588 1723 692 1763 Dial.
703 1722 760 1761 VI
777 1723 851 1762 &c.
865 1722 1024 1763 SOLAN.

447 1778 520 1815 ead.
532 1777 554 1814 l.
576 1791 633 1830 13.
650 1776 771 1830 nim)
785 1776 822 1817 Ρ.
837 1775 876 1815 &
890 1776 948 1816 ed.
966 1777 992 1814 l.
1006 1776 1162 1816 SOLAN.

448 1830 538 1884 Pag.
559 1829 618 1878 84.
636 1832 658 1869 l.
674 1831 709 1870 6.
724 1829 762 1869 ‘H
777 1830 982 1882 πρώτημὲν
1005 1830 1149 1877 ἐκείνη)
1170 1828 1426 1883 Adscripserat
1449 1829 1484 1869 la
1504 1828 1654 1870 Croze:

393 1883 468 1922 vid.
487 1895 585 1923 nott.
604 1884 780 1937 Zacagnii
793 1884 834 1923 in
847 1882 1040 1936 Disputat.
1054 1883 1229 1923 Archelai
1245 1896 1330 1936 pag.
1349 1898 1410 1932 27.
1423 1883 1494 1923 Sed
1506 1896 1584 1923 non
1599 1883 1654 1923 sa·

391 1938 439 1977 tis
461 1938 646 1988 indicans,
661 1939 706 1978 ad
727 1950 827 1991 quae
853 1937 972 1976 verba
993 1937 1087 1976 haec
1108 1937 1334 1990 pertineant,
1356 1938 1463 1990 quod
1484 1938 1654 1990 inquire-

390 2005 433 2031 re
445 2005 524 2031 non
540 1991 687 2044 poffum
697 2024 709 2039 ‚
725 1993 813 2047 quia
828 1991 894 2032 illo
904 1991 1003 2032 libro
1018 2004 1144 2031 careo.
1159 1991 1358 2044 Inquirant
1370 1991 1495 2045 igitur,
1509 1992 1575 2044 qui
1588 1991 1652 2030 ha-

389 2046 491 2086 bent.
512 2046 658 2087 Rmz.

444 2101 517 2138 ead.
532 2101 555 2138 l.
577 2114 589 2137 1
600 2115 633 2139 2.
645 2101 705 2138 Ἐκ
719 2099 858 2138 πίττης
872 2098 1098 2152 Βηρυττίοις)
1113 2097 1250 2138 Saltem
1269 2098 1475 2140 debuerant
1487 2099 1654 2139 editores

390 2151 515 2193 facere
537 2155 731 2205 Βηρυτίοις,
756 2165 796 2192 ut
819 2154 856 2192 in
880 2151 1055 2192 versione
1080 2153 1255 2192 exhibuit
1278 2165 1438 2206 quoque
1460 2151 1649 2193 Erasmus·

392 2206 465 2246 Sed
476 2220 523 2247 ex
546 2207 606 2248 illa
620 2206 695 2258 ipsa
715 2207 844 2246 literae
864 2220 938 2245 ταιυ
955 2206 1208 2258 duplicatione
1222 2206 1380 2253 odoror,
1393 2207 1547 2246 dubium
1562 2206 1653 2246 nul-

391 2260 470 2300 lum
496 2259 570 2301 effe
592 2259 695 2314 poffe
707 2290 720 2306 ,
745 2262 837 2313 quin
861 2261 1048 2300 Lucianus
1077 2259 1257 2312 scripserit
1283 2261 1473 2311 Βρυττίας.
1499 2260 1650 2300 Bruttia

390 2315 514 2361 enim,
532 2327 612 2353 non
627 2315 808 2366 Berytia,
826 2315 890 2367 pix
913 2314 1158 2353 celeberrima
1180 2313 1250 2353 fuit
1271 2315 1371 2367 apud
1384 2326 1532 2354 veteres
1547 2315 1588 2353 &
1604 2315 1651 2354 ad

389 2369 523 2408 varios
537 2367 625 2408 usus
635 2398 648 2414 ,
664 2380 706 2408 ut
721 2379 879 2422 apparet
890 2381 936 2408 ex
952 2368 1048 2408 locis
1059 2367 1226 2408 coneelis
1240 2368 1288 2407 ab
1301 2368 1354 2417 τῷ
1369 2366 1652 2410 m‘vaochar-

390 2432 434 2460 to
443 2422 479 2459 in
490 2421 674 2461 chanaan
687 2435 729 2462 ca
736 2436 769 2473 p.
785 2420 994 2475 33.lnsulse
1004 2423 1048 2461 ad
1060 2434 1168 2461 oram
1181 2421 1263 2461 libri
1275 2420 1329 2460 sui
1343 2422 1471 2461 retulit
1483 2421 1650 2472 Sponius

384 2476 473 2529 poix
486 2476 696 2515 Beriteienne.
708 2475 851 2516 GRoN.
865 2475 1029 2521 Auctor,
1041 2488 1251 2528 exponens,
1265 2476 1354 2527 quid
1367 2475 1410 2514 sit
1420 2474 1647 2526 collyrium,

386 2531 594 2572 σκευαστὸν
607 2529 653 2570 st
666 2528 773 2570 τοῦτό
786 2530 902 2577 ἐστιν,
916 2530 1061 2585 inquit,
1076 2530 1116 2570 ἐκ
1130 2530 1269 2571 πίττης
1280 2530 1483 2585 Βηρυττίαις
1496 2529 1559 2570 καὶ
1571 2528 1643 2570 ἐισ-
