1730 3326
366 179 1077 247 INAMo‘REs.
1264 194 1357 263 589

141 287 234 342 Pag.
249 300 336 342 303.
349 289 371 326 l.
384 287 420 327 8.
433 287 563 342 Βραχὺ
578 287 629 337 τςῖ
638 285 823 340 μετώπῳ)
840 285 1022 326 Frontem
1039 286 1138 326 enirn
1156 289 1359 340 angustam

88 350 241 387 §veteres
255 341 512 394 suspiciebant.
531 343 688 381 SOLAN.

144 398 219 434 ead.
239 397 261 433 l.
281 407 293 431 ι
307 408 336 433 1.
352 394 577 447 Ἀνθοβαφῆ)
601 393 748 446 Quidni
768 407 940 445 purpurea
959 392 1236 444 intelligamus?
1254 395 1354 434 ἄνθος

90 449 193 489 enim
211 447 367 488 Graecis
383 460 462 487 non
480 449 618 493 minus,
631 461 744 499 quam
762 447 905 486 Latinis
917 448 1005 496 ‚flos
1025 447 1128 484 audit
1143 461 1358 500 purpurae5

93 501 177 542 five
191 513 381 553 purpurae
399 500 534 541 succus
548 502 729 554 optimus,
747 500 770 538 i.
783 513 815 539 e.
835 502 1001 539 maxime
1015 498 1213 547 saturatus,
1231 505 1356 553 utflos

91 555 189 594 labiis
201 565 379 602 vocatur,
397 556 503 607 quod
516 553 800 607 pinguiffimum
814 552 866 592 est
879 554 916 591 in
932 565 994 592 eo.
1013 553 1148 604 Sicque
1170 567 1261 593 mox
1281 556 1360 607 ipse

91 607 188 649 vers.
204 607 270 646 fin.
285 608 398 647 huius
421 620 505 658 cap.
526 606 723 660 πορφυροῦν
747 603 850 646 ἄνθος
869 605 1077 657 ἑπιφοινίξῃ.
1090 606 1283 646 Interdum
1300 619 1358 648 ta-

90 673 180 701 men
197 661 237 700 &
249 661 296 700 ab
313 660 450 700 effeau
465 661 507 699 fit
519 660 777 700 denominatio
788 690 800 708 ,
822 660 847 698 i.
863 672 896 699 e.
912 659 962 706 id,
981 660 1085 711 quod
1101 673 1268 712 purpura
1282 663 1355 701 iam

91 714 251 754 tinctum
265 744 276 762 ,
298 725 462 754 vocatur
477 714 677 760 floridum,
698 724 855 767 propter
869 714 1009 753 laetum
1034 714 1074 752 δι
1096 713 1235 754 florum
1258 715 1360 754 suni-

91 767 167 808 lem
182 768 367 808 colorem.
383 769 522 807 Rmz.

147 823 221 861 ead.
237 822 262 861 l.
281 835 293 859 1
304 836 336 860 2.
349 821 462 872 *Ὑπὲρ
473 819 541 859 τοῦ
558 819 679 861 ἓοκεῖν
690 818 999 874 γεγυμνῶσθαι)
1013 818 1262 859 Ρὶυᾶυεῢειτι
1276 851 1287 869 ,
1307 834 1356 862 an

90 888 179 916 cum
199 875 328 928 priore
346 876 550 927 interprete
571 886 741 927 putarem
755 905 766 922 ,
783 873 1027 925 negationem
1050 873 1246 922 excidiffe‚
1267 889 1357 915 ver-

91 930 326 980 tendumque
346 929 443 968 adeo
469 929 572 967 hunc
593 929 720 967 locum
735 959 745 976 ‚
761 943 800 966 ne
821 928 930 965 nudae
944 926 1005 979 effe
1019 928 1206 967 videantur.
1226 929 1362 981 Atque

92 984 190 1023 hanc
209 984 395 1021 rationem
418 981 635 1021 subiiciebat
655 982 747 1020 illud
761 980 813 1019 εἰς
828 979 1027 1032 πρόφασιν·
1043 981 1217 1021 obtentui
1240 983 1279 1021 &
1296 995 1361 1022 ex·

89 1035 276 1076 cusationi
297 1035 438 1075 habent
465 1035 643 1075 nebulam
668 1035 767 1073 illam
786 1034 926 1073 lineam
949 1032 990 1072 δι
1010 1035 1176 1073 textilem
1197 1046 1359 1075 ventum

92 1089 287 1136 mulieres,
300 1102 348 1128 ne
364 1090 489 1129 nudae
504 1089 576 1128 dici
591 1087 742 1142 poffim,
756 1100 854 1140 quae
869 1085 1134 1126 vestimentum
1151 1088 1362 1141 qualecun-

91 1156 172 1196 que
198 1143 374 1182 habeant.
400 1143 471 1183 Sed
493 1156 534 1182 re
558 1142 769 1181 accuratius
793 1140 976 1193 perpensa
988 1171 998 1189 ,
1022 1142 1112 1180 nihil
1135 1143 1361 1182 mutandum

92 1196 236 1238 censui.
250 1197 400 1236 Tribuit
414 1196 498 1249 ipsis
511 1195 711 1236 consilium
724 1225 737 1242 ,
752 1194 852 1234 velie
873 1194 993 1234 videri
1014 1196 1152 1242 nudas,
1168 1197 1209 1235 δι
1231 1207 1360 1236 tamen

93 1252 207 1290 etiam
227 1250 429 1290 obtentum
442 1281 453 1298 ‚
473 1260 715 1302 praetextum
730 1279 739 1296 ,
756 1248 1038 1289 excusationem
1051 1278 1061 1296 ,
1082 1249 1233 1289 diverso
1252 1251 1362 1290 nimi-

93 1317 181 1344 rum
196 1303 367 1357 respectu
382 1304 540 1343 :volunt
554 1304 674 1343 videri
688 1302 810 1341 nudae
826 1301 878 1341 sui
891 1301 1073 1341 similibus
1085 1302 1244 1349 lascivis,
1258 1318 1363 1344 moe-

90 1357 198 1406 chis3
217 1359 418 1397 obtentum
441 1370 630 1410 quaerunt
650 1357 752 1409 apud
774 1356 925 1403 virum,
947 1357 1050 1408 apud
1068 1355 1272 1396 severiores
1285 1358 1361 1399 &c-

92 1412 225 1453 stN.
237 1412 274 1453 Si
287 1411 445 1452 Gesner.
460 1411 607 1451 vidiffet
619 1410 670 1461 μὴ
686 1411 724 1449 in
741 1409 840 1449 Cod.
856 1410 1020 1462 quodam
1036 1409 1109 1450 esse
1121 1441 1131 1458 ‚
1147 1411 1362 1464 recepisset,

92 1466 234 1512 credo,
250 1466 338 1518 quia
354 1464 601 1518 suspicionem
622 1464 746 1510 suam,
768 1464 860 1503 iliud
881 1462 1074 1510 excidisse,
1094 1463 1361 1504 confirmatam

91 1518 306 1559 inveniffet.
329 1520 413 1571 Ego
427 1531 531 1559 certe
545 1519 662 1571 magis
681 1517 826 1557 inclino
849 1517 893 1556 ad
910 1517 947 1556 id
972 1518 1227 1569 recipiendum
1242 1549 1253 1566 ‚
1268 1520 1361 1570 quia

94 1573 135 1614 ἐς
150 1573 333 1625 πρόφασιν
352 1572 473 1613 souti
492 1587 645 1626 γεγυμ.
665 1584 747 1610 non
769 1570 852 1612 satis
867 1572 1072 1610 commode
1089 1573 1258 1623 procedit
1280 1572 1361 1613 sine

91 1628 307 1680 negatione.
320 1627 424 1666 Nihil
436 1638 562 1666 tamen
576 1626 740 1672 mutavi,
755 1637 805 1664 ne
816 1624 1076 1664 contradicere
1092 1626 1261 1675 meliori,
1282 1626 1365 1667 fine

92 1680 240 1721 summa
261 1679 497 1726 neceffitate,
514 1680 657 1719 videar,
671 1678 812 1718 Rmz.
824 1678 864 1718 Si
878 1691 926 1718 ex
951 1678 1057 1717 bono
1070 1679 1240 1732 alioquin
1259 1679 1361 1721 libro

91 1734 148 1777 est
162 1735 253 1774 illud
263 1735 333 1785 μὴ,
349 1735 605 1786 recipiendum
620 1734 780 1773 omnino
794 1731 940 1772 censeo.
955 1732 1081 1772 GESN.
1093 1734 1128 1772 in
1145 1735 1301 1773 Addend.

147 1791 224 1827 ead.
238 1790 260 1828 l.
279 1802 334 1840 ¹5·
350 1788 495 1839 Μκζῶν,
509 1787 570 1827 οὓς
584 1788 642 1826 ἀεὶ
663 1788 890 1838 περιφέρουσι
911 1785 1138 1840 ἓεσμώτας)
1159 1787 1251 1826 Huc
1276 1800 1361 1838 per-

92 1841 186 1882 tinet
201 1843 312 1881 locus
323 1842 578 1882 Anacreontis
590 1840 666 1893 Od.
683 1853 746 1886 20,
759 1840 824 1879 καὶ
836 1841 956 1880 ‘tamn
970 1839 1014 1879 δὲ
1024 1839 1190 1890 μαστῶν.
1204 1841 1244 1880 L.
1259 1842 1361 1882 Bos,

91 1895 210 1937 Conf.
221 1894 291 1935 Ἑτ.
307 1903 354 1935 Δ.
371 1896 455 1935 XII.
469 1896 564 1935 Vox
579 1893 709 1946 μαζῶν
727 1904 855 1934 autern
875 1896 1028 1947 po'e‘tica
1043 1894 1094 1933 est
1105 1925 1114 1943 ,
1137 1906 1178 1934 ut
1191 1896 1359 1947 permul-

93 1960 157 1990 tae
170 1950 265 1990 aliae
278 1951 313 1988 in
328 1950 403 1990 hoc
414 1948 599 2002 opusculo
611 1980 623 1997 ‚
638 1961 720 2001 quo
734 1948 912 2000 grandius
924 1978 935 1995 ‚
953 1959 996 1987 ut
1015 1959 1144 1999 putat,
1164 1949 1361 2000 loquatur.

87 2003 252 2044 SOLAN.
265 2004 356 2043 Non
370 2005 520 2057 quidem
533 2015 706 2055 repugno
719 2002 863 2041 Solano
876 2032 887 2050 ‚
901 2002 1061 2051 μχστῶν
1072 2001 1198 2054 legere
1214 2004 1361 2043 iubenti

94 2057 134 2098 in
147 2058 320 2110 margine
333 2057 509 2097 luminae
520 2087 530 2104 ,
543 2068 586 2096 ut
599 2054 683 2096 infr.
697 2055 800 2095 Dial.
813 2056 969 2095 Meretr.
985 2055 1057 2095 XII
1071 2067 1158 2095 ante
1172 2058 1266 2095 med.
1279 2058 1360 2096 Ve-

95 2126 183 2153 rum
200 2112 289 2164 quia
302 2111 407 2150 nulla
420 2113 477 2150 ed.
490 2123 614 2164 neque
627 2109 724 2149 cod,
740 2110 883 2161 praeit,
900 2109 993 2148 nihil
1008 2121 1128 2148 muto.
1147 2109 1191 2148 Et
1204 2110 1278 2160 ipse
1291 2111 1361 2150 So-

94 2167 170 2206 lan.
183 2180 203 2205 a
217 2166 252 2205 se
265 2164 425 2205 dissentit
438 2167 475 2204 in
489 2176 603 2204 nota:
621 2164 727 2215 quod
741 2176 827 2202 cum
847 2176 948 2202 nunc
959 2162 1110 2202 demum
1130 2164 1292 2210 videam,
1307 2165 1359 2203 in-

95 2220 154 2261 fra
170 2220 193 2259 l.
210 2232 242 2259 c.
257 2219 457 2270 disquiram
472 2250 482 2267 ‚
495 2231 539 2258 ac
553 2219 599 2258 de
611 2216 821 2256 differentia
833 2247 845 2262 ,
863 2229 977 2270 quam
992 2217 1088 2257 inter
1096 2218 1214 2268 μαζὸς
1230 2217 1271 2257 8(
1281 2233 1361 2268 μοι·

93 2276 184 2316 orbs
196 2273 309 2326 tradit
322 2273 396 2312 Th.
410 2271 559 2325 Magist.
573 2285 697 2324 agam.
714 2271 861 2310 REITZ.

148 2330 222 2366 ead.
238 2328 261 2366 l.
277 2341 335 2374 ¹7-
348 2326 595 2378 Ἠρτημένας)
616 2326 675 2365 Sic
689 2337 823 2364 omnes
838 2324 918 2363 edd.
936 2324 990 2364 At
1006 2323 1057 2364 O.
1072 2325 1112 2364 &
1133 2325 1188 2363 M.
1205 2323 1360 2375 ἦρτημὲό

95 2394 191 2427 γους,
204 2381 310 2432 quod
324 2381 519 2419 observari
539 2381 673 2432 utique
689 2390 868 2418 meretur.
889 2378 1046 2417 δοῖ-ΑΝ.
1061 2377 1238 2418 Γυναῖκας
1252 2378 1361 2417 intel-

93 2435 181 2487 lige.
194 2435 323 2487 Guyet.
340 2435 392 2472 At
406 2435 478 2472 iam
489 2464 502 2480 ‚
516 2434 617 2472 dicas
626 2463 640 2480 ,
661 2445 747 2472 cum
764 2430 978 2483 ἠρτημένους
989 2432 1194 2471 habeamus
1206 2445 1254 2486 ex
1266 2433 1362 2472 duo-

91 2488 168 2532 hus
179 2488 305 2530 Codd.
317 2487 410 2528 nihil
424 2500 524 2542 opus
538 2488 612 2529 erit
625 2487 671 2528 ad
686 2486 874 2540 γυναῖκας
900 2484 1052 2527 referre.
1072 2486 1145 2529 Sed
1157 2485 1257 2528 re&e
1267 2497 1361 2532 con:
