1730 3326
362 221 485 268 IN
550 221 1071 270 AMO‘RES.
1273 227 1362 290 567

85 308 300 365 «Γίοιῤῥεῖτοιι
312 339 323 359 ,
342 309 542 364 φθείρεται.
559 311 710 352 Oculos
729 311 831 351 enim
847 311 941 351 tales
952 312 1114 352 lascivos
1127 310 1257 360 aiunt,
1271 328 1363 354 cum

83 374 312 411 moventur,
323 363 488 404 suffundi
510 365 675 405 humore
687 366 876 418 quodam:
893 378 982 405 eum
999 366 1038 404 in
1060 367 1133 405 hoc
1148 365 1229 418 ipso
1241 368 1365 407 dialo-

86 430 140 471 go
152 428 268 459 vocat
282 417 354 458 τῶν
369 417 568 469 ὀφθαλμῶν
582 421 626 457 τὶ)
643 415 751 472 ὑγρὸν
764 416 851 467 ἅμα.
863 418 916 468 τῷ
932 418 1080 471 Quodsi&
1093 419 1155 457 καὶ
1171 435 1364 473 κεχαρισ·

81 472 195 523 μένῳ,
215 472 387 512 oculorum
402 473 597 526 petulantia
619 487 693 512 cum
707 473 883 526 splendore
904 473 939 511 6·
954 474 1067 524 gratia
1084 474 1206 511 ἱιιηόἱα.
1233 475 1362 513 Maxi·

85 538 171 565 mus
184 525 333 577 Tyrius
346 526 421 565 hoc
433 539 592 579 quoque
606 526 704 565 inter
719 525 846 565 lascivi
860 526 975 565 animi
990 526 1091 578 signa
1105 526 1220 566 refert
1231 557 1244 573 ,
1259 540 1364 579 λιχ-

87 580 219 620 νευέτω
236 577 255 619 ἦ
271 577 459 632 γλῶτται,
478 582 724 620 τηκὲσὸωσοιν
745 579 775 618 οἱ
790 580 980 630 ὀφθαλμοί.
993 580 1096 619 Idem
1111 581 1198 620 dicit
1218 582 1263 620 de
1278 582 1364 620 Sar-

84 633 275 685 danapalo
292 632 428 672 differt.
447 646 516 686 19,
538 634 590 673 τὼ
611 632 789 685 ὀφθαλμὼ
811 633 1034 673 ἐκτετηκώς·
1061 647 1133 685 pro
1155 647 1236 686 quo
1257 634 1363 674 lusti.

86 698 177 732 nus,
186 701 261 726 cum
271 688 443 727 oculorum
454 688 594 740 lascivia
604 703 716 727 omnes
719 687 871 739 feminas
882 687 1032 726 anteiret.
1045 687 1214 727 Τέωιεται
1226 687 1362 736 ὀφθαλ-

82 740 163 791 μὼς
178 740 335 780 Latinus
345 740 543 781 Theocriti
560 742 749 794 interpres
763 742 892 794 inepte
907 742 1045 787 vertit,
1060 743 1237 793 tabescunt
1249 743 1362 781 oculi:

84 795 227 842 immo,
242 805 326 834 tum
349 794 513 835 maxime
535 807 769 844 moventur,
794 796 880 835 hinc
897 795 1050 834 Petron.
1073 795 1211 834 dicitur
1232 797 1363 835 mobilis

86 849 256 888 oculorum
265 849 469 901 petulantia.
488 848 651 888 Inferius
669 849 707 887 in
719 849 890 895 Toxari,
906 849 951 888 de
964 847 1202 889 adolescente
1211 879 1223 895 ,
1239 850 1305 901 qui
1320 849 1364 888 il-

83 901 245 943 lecebris
270 901 433 943 feminae
459 902 625 944 lascivae
647 914 729 942 erat
754 914 909 956 captus:
931 903 1013 942 ἐπεὶ
1040 900 1178 942 licam
1200 902 1363 954 πονηρῶς

84 955 245 1010 ἔχοντα,
260 957 324 996 καὶ
338 956 544 1011 ἓιέιβροχον
558 956 629 997 iisn
643 956 695 1006 τῷ
710 957 834 1009 ἔρωτι,
851 956 914 995 καὶ
930 957 1081 1006 τακερὸν
1095 959 1361 1009 γεγενημένον,

81 1012 257 1064 postquam
271 1011 378 1064 finfit
396 1011 492 1051 illum
509 1012 593 1050 male
614 1012 755 1057 habere,
774 1011 809 1049 ἃ·
826 1026 937 1050 amore
959 1023 1065 1048 totum
1082 1012 1287 1061 flagrantem
1299 1040 1312 1056 ‚
1326 1010 1363 1048 δ’

77 1064 259 1116 furentem.
283 1065 343 1106 Sic
361 1064 448 1105 alibi
472 1065 618 1105 Nostro
636 1065 792 1116 τακεραὶ
807 1062 910 1117 κόραι
933 1063 1017 1103 sunt
1036 1063 1205 1116 parientes
1216 1065 1362 1117 puellae.

84 1118 263 1159 GRAEv.
279 1119 403 1172 Supra
419 1132 453 1158 c.
472 1134 505 1173 3.
521 1120 709 1158 KUSTER.

141 1175 216 1211 ead.
231 1173 257 1210 l.
275 1187 312 1222 7.
329 1172 469 1226 Πέιθος)
482 1175 553 1213 W.
566 1172 604 1211 P.
617 1172 658 1211 &
674 1173 716 1212 L.
733 1172 779 1211 In
793 1171 976 1223 impreffis
989 1181 1117 1211 autem
1135 1171 1273 1211 πένθος.
1285 1170 1365 1211 SO-

85 1236 185 1266 LAN.
199 1225 317 1266 Conf.
337 1228 430 1266 moi<
445 1239 478 1266 c.
496 1226 541 1266 16
557 1239 614 1280 pr.
629 1226 775 1266 Iterum
795 1227 890 1265 med.
905 1225 1054 1266 Rursus
1069 1236 1101 1266 c.
1119 1240 1175 1279 ¹7·
1189 1226 1238 1265 Et
1253 1225 1363 1266 vide-

85 1280 142 1320 bis
154 1279 257 1320 reste
273 1281 336 1321 hic
351 1280 470 1321 ὸνίιθος
483 1293 555 1333 pro
569 1280 698 1320 πένθος
712 1279 940 1320 restitutum.
958 1280 1106 1319 Rmz.

139 1335 214 1373 ead.
234 1335 258 1373 l.
275 1333 311 1373 8.
329 1333 472 1377 Σπῖλον
485 1336 510 1383 ),
526 1335 705 1374 Meminit
728 1334 874 1374 Plinius
895 1333 1038 1374 statuae
1062 1333 1222 1380 nobilis,
1246 1346 1364 1386 quam

87 1389 303 1441 Spilumenen
315 1400 434 1429 vocat
444 1418 455 1438 ,
472 1389 512 1428 &
527 1388 724 1428 Praxitelis
739 1401 838 1441 opus
849 1388 953 1436 dicit,
968 1388 1157 1436 XXXIV,
1173 1387 1209 1427 8.
1224 1387 1364 1440 Quam

84 1454 162 1495 ego
175 1443 334 1483 eandem
350 1442 424 1482 effe
438 1456 527 1483 cum
544 1443 616 1483 hac
630 1442 768 1482 Cnidia
782 1443 937 1482 Venere
950 1473 962 1491 ‚
984 1442 1144 1482 nomine
1158 1441 1342 1494 deceptus
1352 1470 1365 1490 ‚

83 1496 328 1536 credideram.
342 1495 414 1537 Sed
426 1497 564 1545 obstat,
581 1498 686 1550 quod
701 1497 893 1548 Spilumene
906 1497 1014 1536 Plinii
1028 1508 1149 1535 aenea
1160 1506 1257 1542 erat,
1272 1498 1366 1535 haec

86 1563 316 1591 marmorea.
334 1552 390 1591 Ut
407 1551 481 1591 hoc
494 1553 606 1591 etiam
624 1551 684 1591 hic
699 1551 824 1590 obiter
839 1562 1018 1589 moneam
1030 1578 1041 1596 ‚
1057 1549 1159 1588 recle
1172 1549 1274 1601 apud
1286 1549 1364 1588 Ta-

87 1604 233 1644 tianum
248 1619 284 1657 p.
301 1617 315 1643 1
325 1619 372 1644 22
387 1605 527 1657 legitur
540 1604 845 1653 σπιλούμενὸν’τι
860 1604 1010 1657 γύναιον
1026 1603 1267 1654 Πραξιτέλης
1281 1601 1365 1643 ἐδη-

88 1658 309 1711 μιούργησεν.
324 1658 486 1711 Quibus
498 1659 625 1698 verbis
637 1659 797 1698 eandem
812 1670 901 1698 cum
910 1656 1038 1696 Plinio
1050 1656 1212 1696 statuam
1227 1657 1362 1695 innuit.

89 1713 179 1752 Vid.
193 1711 364 1752 Philostr.
378 1713 511 1765 Apoll.
527 1714 579 1753 V.
594 1712 653 1753 Vl
664 1741 677 1759 ‚
693 1724 777 1766 pag.
796 1713 872 1764 276
883 1741 898 1759 ,
912 1711 978 1751 ubi
991 1712 1094 1750 hunc
1107 1709 1230 1764 ipsum
1246 1711 1366 1754 iuve-¹

85 1779 175 1806 nem
192 1766 379 1820 intelligo.
394 1767 553 1806 SOLAN.

140 1822 232 1873 Pag.
249 1834 337 1874 273.
350 1822 374 1860 l.
391 1834 423 1861 1.
434 1819 699 1873 Ὕπέκρυψεν)
717 1817 949 1872 Ἀπέκρυψεν
963 1818 1125 1858 Solanus
1139 1817 1198 1857 edi
1214 1817 1364 1860 voluit:

88 1873 140 1915 sic
153 1876 253 1915 enim
269 1875 308 1914 in
321 1875 412 1914 lunt.
426 1875 624 1926 vulgatam
639 1874 869 1913 immutarat.
885 1874 931 1913 Et
943 1872 1068 1913 fateor
1082 1870 1270 1911 insuetum
1285 1871 1368 1911 No-

87 1928 166 1968 stro
183 1929 368 1978 verbum,
383 1941 458 1969 nec
480 1929 571 1968 alibi
593 1940 670 1968 tam
693 1928 877 1975 obvium,
896 1927 982 1967 licet
1004 1926 1101 1966 med.
1128 1923 1367 1978 ὑποκρύπτο-

86 1998 161 2035 μειι
177 1983 305 2036 Steph.
330 1982 512 2031 proferat.
537 1983 630 2022 Non
652 1981 771 2021 auslm
793 1993 922 2021 tamen
944 1990 1138 2033 receptam
1161 1980 1366 2019 lectionem

87 2037 246 2077 reiicere
258 2067 270 2083 ‚
290 2038 380 2090 quia
394 2033 466 2076 ὑπὸ
489 2037 550 2076 hic
564 2036 669 2076 suam
688 2036 768 2075 vim
786 2036 927 2075 habere
949 2035 1114 2079 videtur,
1132 2034 1237 2086 quod
1255 2034 1293 2072 in
1309 2034 1367 2072 in-

89 2090 295 2131 ferioribus
308 2090 481 2143 partibus
492 2091 533 2131 &
547 2089 672 2130 forsan
683 2089 887 2129 introrsum
902 2088 1158 2142 speetantibus
1171 2087 1317 2127 macula
1330 2087 1368 2125 il-

87 2144 125 2184 la
139 2144 265 2185 fuerit.
279 2144 372 2185 Poll.
389 2144 426 2183 in
438 2143 588 2185 Onom.
604 2144 681 2184 hoc
693 2143 850 2196 quidem
867 2144 990 2183 verbo
1005 2143 1140 2187 utitur,
1154 2142 1254 2190 L.V‚
1268 2141 1365 2181 Seel,

90 2199 167 2245 60,
182 2199 298 2251 θηρίον
315 2221 360 2228 -
379 2194 596 2250 ὑποκρυφθὲν
612 2197 844 2251 ἐξευρίσκειν.
858 2197 1009 2237 Verum
1028 2196 1129 2249 apud
1151 2195 1246 2235 alios
1266 2208 1367 2234 non-

93 2253 187 2292 dum
206 2251 434 2300 observavi,
449 2265 529 2293 non
547 2251 676 2292 saltem
696 2252 858 2299 notavi,
873 2251 962 2305 quia
976 2249 1046 2290 usu
1062 2261 1270 2290 venturum
1287 2261 1369 2289 non

90 2308 276 2361 praevidi.
290 2307 436 2346 Rmz.

147 2364 221 2400 ead.
235 2361 258 2400 l.
274 2376 307 2414 3.
321 2359 522 2413 Ἱστορίαν)
545 2359 661 2413 Apud
683 2357 929 2412 Posidippum
949 2356 1123 2398 exstitisse
1143 2370 1225 2397 eam
1241 2369 1370 2396 narra-

90 2414 260 2463 tionem,
284 2414 441 2454 testatur
464 2413 588 2454 Clem.
611 2413 801 2453 Alexand.
826 2427 888 2464 23,
911 2427 946 2452 2.
967 2411 1154 2464 Respicit,
1178 2412 1215 2449 ni
1242 2409 1370 2456 fallor,

92 2469 252 2508 eandem
264 2467 434 2507 Philostr.
450 2482 486 2521 p.
502 2468 593 2517 276,
603 2468 656 2507 V.
668 2466 799 2519 Apoll.
814 2467 990 2506 Meminit
1007 2466 1047 2505 δι
1063 2465 1156 2504 Plin.
1170 2464 1371 2512 XXXVI,

96 2535 131 2564 c.
147 2536 172 2573 4
184 2553 196 2573 ,
214 2535 249 2577 ς,
265 2522 301 2565 6.
316 2521 449 2564 Valer.
462 2522 570 2565 Max.
583 2520 704 2572 vm,
719 2535 733 2561 1
746 2535 778 2563 1.
793 2519 960 2563 Similem
976 2520 1067 2615 hgic
1082 2517 1274 2559 historiam
1285 2530 1374 2562 nar-,

1004 2596 1007 2602 ι
1046 2586 1071 2612 n
1100 2587 1127 2622 4
