1730 3326
293 219 1034 267 LECTIONES.
1200 235 1287 285 345

26 311 214 365 ῐει.’ῐερεῖον
228 321 315 350 cert.
328 311 367 350 δι
384 311 438 349 Μ.
465 311 488 348 l.
503 324 539 359 7.
555 309 705 362 Μύριαι)
718 309 830 360 μυρία
844 311 940 347 maie
956 308 998 346 L.
1031 308 1056 345 l.
1075 320 1129 346 11.
1150 309 1288 348 Γελοῖον

27 363 130 405 οὐδὲν
142 359 179 406 »iv
188 364 352 416 ἐκείνοις)
364 363 424 403 Sic
436 363 518 402 edd.
534 362 765 409 constanter,
776 366 864 401 item
878 362 932 400 M.
985 361 1071 414 Pag.
1087 375 1173 410 207.
1190 363 1212 399 l.
1228 376 1241 400 1
1251 377 1286 401 2.

26 418 120 470 Τὸν)
134 418 203 457 τῶν
215 418 313 457 male
328 418 355 456 J.
368 419 431 456 Τον
446 417 546 456 τεξὶε
559 426 648 456 cett.
664 416 704 455 &
717 416 772 454 M.
830 415 920 468 Pag.
942 414 1028 453 208.
1042 417 1065 454 l.
1082 428 1140 453 10.
1160 419 1289 453 Μετα-

27 471 237 524 omem...)
252 470 353 509 Nihil
367 482 512 509 mutare
524 472 552 508 Ι.
567 471 618 508 Fl.
631 471 686 508 H.
702 469 744 506 P.
760 471 800 508 S.
815 478 924 507 notat
936 468 1061 507 Solan.
1112 469 1134 505 l.
1153 481 1210 519 13-
1226 464 1289 506 Αὐ-

28 523 126 577 τῶν)
147 524 206 564 Sic
225 523 325 563 meite
338 524 389 562 Fl.
403 524 442 562 &
454 524 498 562 P.
518 521 640 562 Αὐτῶν
651 523 679 561 I.
694 522 803 560 male.
862 522 951 572 Pag.
965 535 1050 573 209.
1063 522 1084 559 l.
1101 520 1289 570 ι.ἈνΘρω-

27 578 156 623 πείας)
173 577 375 628 ἀνθρωπίας
386 577 416 614 Ι.
437 577 507 616 Sed
523 577 625 628 prius
638 575 691 614 est
707 576 745 613 in
760 575 813 614 Η.
828 576 882 612 H.
895 575 938 612 P.
955 575 993 613 δι
1008 576 1062 613 Μ.
1093 575 1113 611 l.
1135 587 1147 611 1
1160 587 1191 611 1.
1205 574 1289 622 Ἐμ-

26 631 123 683 φθεγ
134 630 320 683 ξάμενος)
337 631 447 669 Hanc
460 629 532 668 effe
547 627 779 668 constantem
794 628 1019 675 leffionem,
1034 637 1143 667 notat
1158 627 1290 667 Solan.

27 685 53 723 I.
67 697 81 722 1
94 685 194 735 ς.Ἐκ
207 683 382 735 Κελτῶν)
402 683 446 722 In
460 684 514 722 M.
527 694 606 721 erat
626 683 663 720 in
676 694 791 734 marg.
809 686 859 733 sp.
873 681 914 720 ἐκ.
930 680 1147 733 Πελασγῶν
1159 681 1288 718 τελῶν.

30 737 101 777 Sed
122 738 158 776 in
173 747 282 777 textu
301 738 426 782 reeie,
445 748 487 776 ur
502 736 584 782 hic,
607 735 765 775 Κελτῶν.
781 735 862 774 Nec
881 735 1085 787 quidquam
1100 744 1220 788 muts}
1234 734 1292 772 Fl.

25 791 118 842 Pag.
132 803 218 830 210.
232 791 256 830 l.
272 804 302 830 ¹.
319 790 354 829 Εἰ
366 788 508 841 περιῆν)
528 789 584 828 Ita
599 789 810 828 restitutum
827 801 873 827 ex
889 789 928 827 L.
945 789 984 828 &
999 789 1052 829 Fl.
1067 789 1176 838 Εἴπερ
1191 789 1227 826 ἡν
1241 786 1289 825 fi-

27 856 76 884 ne
91 855 281 883 commate
296 843 377 884 edd.
393 844 526 896 vulgo.
592 844 615 881 l.
629 850 664 894 ¹3.
677 842 857 893 Ἀπεμν.)
873 842 935 881 Sic
948 843 1004 880 Η.
1018 843 1073 881 H.
1091 843 1134 880 Ρ.
1154 841 1229 879 &c.
1248 841 1291 881 &

17 897 82 938 ·M.
95 897 242 947 Ἐπεμν.
260 898 287 936 I.
332 899 404 936 ead.
417 898 485 935 Καὶ
500 896 608 949 στρος)
624 897 669 935 Et
683 895 772 935 illud
787 895 848 933 καὶ
861 894 981 935 adesse
994 896 1031 934 in
1047 895 1101 933 H.
1119 896 1168 933 fl.
1185 896 1225 934 ὅ(
1241 895 1288 933 P.

24 961 137 991 notat
148 951 275 990 Solan.
322 951 345 990 l.
358 950 488 1004 7.'‘Ov)
504 947 596 991 εἶναι
607 951 676 989 W.
689 950 798 988 male.
840 949 862 986 l.
879 949 914 987 8.
927 948 1138 1000 Παρελόεῐν)
1151 960 1292 997 παρελ-

25 1005 96 1043 θὼν
111 1004 238 1044 Vorst.
260 1005 314 1044 At
325 1004 469 1057 vulgat.
490 1003 641 1044 servant
654 1005 706 1041 H.
727 1004 772 1043 Ρ.
794 1002 838 1039 B.
855 1016 888 1040 2.
911 1002 967 1040 Fl.
992 1002 1289 1054 Παραγγέλλειν

25 1060 95 1098 W.
111 1057 183 1098 Sed
196 1057 267 1098 fuit
280 1059 388 1111 prius
400 1073 539 1097 π-ων,
579 1058 601 1094 l.
617 1070 654 1108 9.
667 1055 813 1106 Ἀξιῶν)
829 1054 891 1093 Nil
907 1067 998 1094 mut.
1012 1056 1043 1094 l.
1056 1056 1102 1093 B.
1118 1069 1152 1093 2.
1170 1055 1214 1091 P.
1228 1054 1291 1093 Fl.

26 1111 67 1151 δι
82 1112 138 1152 Μ.
189 1113 213 1152 l.
229 1126 243 1151 1
279 1141 287 1151 .
304 1111 474 1164 Μυρίαις)
488 1110 589 1150 Coll.
603 1109 782 1148 videntur
796 1107 922 1160 legisse
935 1110 1199 1159 μισθοφορίαις.
1215 1107 1290 1147 Sed

26 1166 222 1218 vulgatam
253 1176 390 1204 ervant
404 1165 457 1203 H.
472 1166 502 1203 1.
516 1166 568 1202 Fl.
583 1165 628 1202 P.
643 1163 682 1202 δι
694 1163 751 1201 Μ.
779 1164 804 1200 l.
822 1163 880 1201 16.
897 1161 1005 1214 Ζῶον)
1020 1162 1102 1213 ζῷον
1113 1163 1182 1201 W.
1196 1174 1288 1201 cum

24 1218 170 1272 punRo
186 1218 403 1271 subscripto.
457 1218 481 1256 l.
500 1217 556 1256 18.
570 1218 631 1256 col,
652 1231 686 1255 2.
710 1215 964 1268 svvoeanebsnr)
985 1216 1002 1255 ii
1020 1216 1034 1254 ὁ
1057 1217 1290 1265 τετμημένος

25 1275 68 1311 το
82 1271 219 1312 αἰδοῖον
231 1272 280 1312 G.
337 1273 427 1322 Pag.
442 1284 485 1309 21
498 1285 529 1310 1.
542 1272 566 1310 l.
580 1272 616 1310 6.
630 1269 816 1322 Ἑρμείαν)
834 1269 894 1308 Sic
913 1271 1023 1309 etiam
1045 1271 1075 1308 I.
1093 1270 1139 1307 P.
1160 1271 1213 1306 H.
1229 1269 1286 1307 Fl.

25 1327 114 1379 Pag.
129 1339 216 1365 212.
236 1327 258 1364 l.
276 1338 308 1376 5.
325 1326 394 1364 Καὶ
407 1323 574 1377 μοιχὸς)
594 1324 701 1363 Nihil
718 1335 812 1362 mut.
825 1323 876 1361 Fl.
891 1323 921 1360 I.
936 1324 988 1361 H.
1005 1323 1050 1361 B.
1067 1338 1101 1361 2.
1115 1323 1158 1360 P.
1175 1323 1230 1361 M.
1248 1322 1288 1360 3-

23 1393 63 1418 τι
79 1380 221 1432 legend.
236 1378 406 1432 adscrips.
421 1378 548 1418 Solan.
603 1379 627 1416 l.
645 1378 681 1417 6.
699 1376 817 1429 ἄξων)
834 1376 895 1416 Sic
912 1377 1059 1416 minore
1072 1391 1098 1415 α
1113 1377 1167 1414 Fl.
1184 1375 1288 1416 Cetr.

14 1432 134 1480 ’Ἄξων
147 1433 303 1472 maiore.
358 1433 382 1472 l.
400 1445 458 1471 10.
475 1431 610 1484 Δοκεῖ)
630 1432 721 1470 Hoc
733 1444 781 1470 ex
794 1431 848 1468 Fl.
870 1431 911 1470 δι
923 1432 994 1469 W.
1010 1430 1074 1469 est.
1088 1428 1187 1478 Δοκξῖ
1200 1430 1287 1468 edd.

24 1487 158 1539 vulgo.
201 1487 225 1526 l.
241 1501 253 1525 ι
265 1501 297 1539 3.
311 1485 369 1534 Τξῦ
379 1485 531 1539 ἱὲρῶτι)
545 1483 693 1524 Desunt
705 1484 801 1524 haec
815 1484 893 1523 duo
905 1484 1002 1523 maie
1017 1484 1054 1522 in
1066 1485 1120 1522 H.
1135 1483 1287 1522 Adsunt

21 1540 63 1581 in
76 1551 163 1581 cett.
176 1541 271 1580 Item
284 1541 320 1578 in
335 1540 390 1579 M.
407 1540 446 1578 &
461 1539 500 1579 Ρ.
555 1540 578 1578 l.
595 1553 652 1586 14.
663 1537 722 1587 Τῷ
736 1537 801 1578 τῆς
819 1537 1033 1587 μοιχείαις)
1052 1536 1104 1586 τῷ
1122 1537 1202 1586 περὶ
1221 1535 1287 1575 τιῖς

22 1596 216 1646 μοιχλν.
279 1594 369 1645 Pag.
386 1607 473 1645 213.
490 1594 511 1630 l.
528 1592 563 1631 8.
576 1589 810 1643 Οἰκίιματος)
823 1590 870 1629 Et
884 1591 958 1630 hoc
971 1591 1108 1629 habere
1125 1591 1151 1628 I.
1165 1591 1217 1628 Fl.
1230 1591 1286 1628 H.

24 1649 70 1692 B.
89 1662 122 1687 2.
143 1648 189 1686 P.
215 1646 255 1686 &
273 1647 328 1687 M.
347 1656 458 1686 notat
477 1645 650 1686 Solanus.
705 1646 729 1683 l.
750 1659 785 1696 9.
795 1640 975 1696 Ὀπιιίειν)
998 1644 1056 1683 Sic
1075 1645 1144 1683 W.
1166 1643 1207 1682 &
1229 1644 1283 1681 Fl.

23 1700 170 1740 Ὀπὺειν
184 1701 317 1754 vulgo.
372 1701 395 1739 l.
415 1715 429 1740 1
442 1714 474 1739 1.
491 1702 600 1740 Μετόι
612 1699 686 1748 Σὲ)
707 1699 753 1738 Et
763 1697 813 1738 fic
830 1697 903 1738 effe
917 1699 957 1737 in
969 1698 999 1738 I.
1014 1698 1068 1736 H.
1081 1698 1121 1738 &
1137 1698 1189 1737 Η.
1206 1697 1284 1737 &c.

24 1764 132 1795 notat
145 1754 322 1794 Solanus.

38 1839 1284 1854 ——n—a———u——ss———n-

108 1889 215 1934 ἸΝ
281 1888 399 1933 DE
464 1886 1183 1933 ASTROLOGIA.

77 1968 167 2022 Pag.
187 1982 274 2021 215.
292 1969 315 2008 l.
331 1982 363 2007 1.
376 1971 477 2007 ΠΕΡΙ
490 1972 580 2008 ΤΗΣ
596 1966 740 2020 ΑΣΤΡ.)
755 1966 810 2006 Μ.
825 1967 926 2007 solus
939 1966 1141 2006 articulum
1152 1967 1280 2006 habet.

24 2021 283 2076 Ἀστρολογίῃς
305 2034 431 2062 autem
451 2022 551 2062 re&e
566 2020 667 2060 Coll.
685 2020 725 2060 δι
746 2021 1076 2073 Η.Ἀο·τρολογι”ας
1093 2031 1179 2059 cett.
1195 2022 1280 2061 edd.

26 2077 135 2116 male.
183 2077 205 2115 l.
226 2073 437 2129 3.Αὖτέων)
463 2076 519 2115 Ex
541 2074 688 2114 emend.
705 2074 846 2113 Solani.
871 2071 993 2114 Αὐτῶν
1016 2073 1100 2113 edd.
1122 2075 1283 2126 priores.

25 2133 98 2171 ead.
117 2126 279 2182 Αὗτέου)
303 2127 420 2170 αὐτοῦ
432 2130 513 2169 edd.
529 2129 684 2181 priores.
742 2128 765 2166 l.
778 2144 814 2176 4.
828 2127 1039 2180 Ἀλιιθιιίιις)
1057 2128 1114 2167 Ex
1132 2128 1282 2168 emend.

26 2182 144 2224 lensii.
155 2184 335 2223 Ἀληθείης
351 2184 454 2223 enim
470 2183 552 2222 edd.
566 2183 711 2234 priores
724 2181 763 2220 &
774 2182 830 2220 M.
880 2183 903 2220 l.
919 2197 955 2232 7.
969 2181 1198 2233 Διενεκτέον)
1214 2182 1279 2220 Nil

27 2249 119 2277 mut.
132 2237 213 2277 edd.
226 2237 265 2277 δι
279 2238 334 2277 Μ.
365 2239 389 2276 l.
403 2237 438 2275 8.
451 2235 570 2289 Ποῖσι)
585 2235 688 2275 Fors.
702 2237 828 2281 παῖσι,
845 2234 1020 2288 adscrips.
1034 2235 1161 2275 Solan.
1187 2237 1208 2272 l.
1220 2248 1282 2276 10.

23 2291 211 2344 Ἀπίκετο)
225 2292 377 2339 ἀφίκετο
388 2291 471 2330 edd.
488 2291 644 2343 priores.
693 2291 716 2327 l.
732 2303 744 2326 1
759 2303 786 2329 1.
798 2288 1000 2337 Βασιλιῆων)
1013 2289 1191 2334 βασιλέων
1205 2289 1294 2334 W.-

28 2345 69 2385 &
81 2346 134 2384 Fl.
146 2343 233 2384 sola.
275 2346 297 2384 l.
313 2359 326 2383 1
339 2359 369 2398 5.
382 2346 444 2384 col.
460 2342 778 2396 2.Ἒπιτι’·χωο-ιν)
799 2339 1018 2383 {mnium-cv
1036 2353 1123 2383 ante
1135 2342 1281 2394 legeba-

25 2408 107 2446 tur;
122 2398 181 2438 sed
194 2398 292 2438 τεξὶε
306 2400 344 2437 in
357 2399 402 2438 C.
414 2399 638 2450 ἐπιτύχωσι.
661 2398 780 2436 Solan.
809 2397 898 2450 Pag.
915 2397 999 2436 216.
1012 2398 1034 2435 l.
1047 2410 1078 2434 1.
1093 2400 1280 2434 Μαντευο-

23 2451 196 2504 μένωσιν)
213 2452 473 2502 μαντευόμενοι
491 2452 573 2491 edd.
593 2452 739 2504 priores
757 2450 863 2488 male.
885 2450 1197 2503 (μαντευομένοις
1209 2449 1280 2501 S.)

23 2507 95 2545 ead.
111 2510 383 2560 Κατηγορέονσι
397 2506 413 2560 )
429 2506 487 2548 Sic
505 2506 558 2546 M.
579 2519 600 2546 a
620 2515 760 2546 recent.
776 2517 903 2546 manu.
918 2502 1171 2558 Κατιιγοροῦσι
1190 2503 1276 2544 edd..
