1730 3326
406 229 497 295 388
600 226 1477 293 ΑΝΝΟΤΑΤΓΟΝΕΒ

458 314 538 353 ibid.
555 311 667 353 Αὑτὶν
683 312 923 364 καθιστάναι)
940 312 984 353 F.
1004 312 1156 365 Guyet.
1171 314 1285 353 etiam
1301 324 1525 361 monuerat,
1541 311 1679 368 vulga*

404 380 488 408 tum
511 365 621 406 αὐτὸν
645 370 683 406 in
703 367 818 407 αὑτὸν
843 367 1094 406 mutandum:
1121 368 1226 420 quod
1250 368 1350 416 vidi,
1369 368 1570 422 postquam
1594 370 1676 424 ipse

404 423 480 461 iam
495 433 747 460 mutaveram.
764 421 907 459 Rmz.

458 478 531 514 ead.
545 476 565 512 l.
581 488 638 514 ιο.
653 475 747 526 Παρ’
760 471 908 524 αὑτοῦ)
923 471 988 511 Αη
1017 469 1157 520 ἄλκη
1171 472 1337 514 Ουπτ.
1357 473 1394 514 Si
1415 486 1502 514 cum
1517 481 1675 515 antece-³

406 528 583 568 dentibus
596 529 806 580 coniungas
817 557 829 572 ,
843 526 960 577 paulo
975 526 1109 566 melius
1122 526 1158 566 se
1170 539 1230 567 res
1246 527 1452 567 habebunt.
1470 527 1542 567 Sed
1556 540 1605 567 an
1617 527 1676 568 sa.-

403 594 454 621 na
470 581 538 620 slnt
555 582 646 620 haec
659 612 669 628 ‚
685 581 829 619 dubito.
847 579 1006 618 SOLAN.

458 637 531 673 ead.
545 636 567 672 l.
583 649 595 672 1
607 649 640 673 2.
655 633 812 685 Βιωτὶν)
826 632 885 672 Sic
901 633 1001 672 nude
1015 645 1086 684 pro
1103 633 1283 672 vivendum
1301 634 1417 672 etiam
1431 632 1519 672 alibi
1534 633 1675 674 Noster

405 689 535 728 utitur.
555 688 612 726 Ita
626 689 778 731 ἀβίωτον
792 698 950 738 quoque
971 686 1137 740 Euripid.
1159 687 1277 726 Herc.
1290 686 1365 726 fur.
1382 700 1496 737 1257,
1513 706 1558 716 —
1574 691 1676 728 ἂνω-ε
1729 732 1730 736 ¹

403 742 541 794 πτὺξω
554 741 599 780 δε
617 755 670 779 σοι
687 740 853 785 ’Astra-701⁴
866 734 950 789 ὑμῖν
962 738 1019 778 νῦν
1030 753 1073 778 τε
1087 739 1152 778 καὶ
1164 739 1331 791 πάροιθεν
1347 740 1398 780 ’όν.
1413 739 1560 779 REITz.

576 846 673 889 IN
730 842 1498 888 ALEXANDRUM.

460 911 555 961 Pag.
565 910 610 961 63
620 939 628 947 .
641 908 664 948 l.
682 922 712 946 1.
726 907 876 956 ΑΛΕΞ.)
894 905 1009 946 Duos
1022 905 1185 946 eiusdem
1202 907 1335 946 aetatis
1352 907 1401 945 ab
1414 907 1489 947 hoc
1502 907 1674 948 diversos

405 974 595 1004 memorat
611 959 865 1008 M.Aure1.1,
885 972 955 1007 ιο,
972 973 1029 998 ¹2.
1051 959 1222 1000 Galenus
1243 961 1354 999 etiam
1368 961 1467 999 tertii
1481 962 1674 1010 meminit,

403 1017 500 1056 vlu
516 1032 558 1055 er.
572 1015 645 1054 τῶν
659 1027 813 1068 ymmone.
826 1013 983 1054 SOLAN.
994 1013 1094 1054 Vide
1113 1012 1309 1054 Dodwelli
1323 1013 1477 1054 Diss'ert.
1493 1014 1592 1056 Iren.
1616 1015 1675 1062 11,

402 1084 441 1125 p.
459 1085 479 1110 2
489 1083 545 1122 15.
563 1081 616 1108 LA
629 1068 787 1119 §Rom-3.

469 1118 579 1162 eadfl.
595 1137 627 1176 3.
643 1121 688 1159 Ὠ
703 1122 875 1171 φίλτατε
887 1120 1025 1174 Κέλσε)
1037 1120 1076 1160 Is
1091 1119 1143 1159 est
1156 1119 1290 1160 Celsus
1301 1151 1311 1169 ,
1324 1120 1575 1174 philosophus
1582 1116 1680 1176 Epi-⁴

408 1190 569 1223 eureus,
591 1176 657 1228 qui
678 1186 812 1214 contra
827 1173 1062 1214 Christianos
1083 1173 1243 1227 scripsit,
1263 1174 1302 1213 δι
1315 1185 1449 1215 contra
1461 1188 1576 1228 quem
1588 1175 1677 1216 scri-

408 1230 479 1283 psit
493 1230 695 1282 Origenes.
709 1229 906 1267 Videndus
921 1227 1098 1266 Valesius
1110 1229 1156 1266 ad
1170 1229 1383 1267 Eusebium.
1398 1229 1578 1269 MENAG.
1592 1229 1678 1269 Plu-

406 1296 467 1322 res
477 1283 584 1322 fuiffe
596 1281 986 1327 Celsos‚monuerunt
998 1281 1071 1319 iam
1082 1282 1154 1320 viri
1163 1280 1278 1322 doffi,
1290 1281 1317 1321 I.
1330 1281 1428 1322 Celsi
1440 1282 1508 1322 sub
1521 1283 1677 1324 Hadria·

407 1349 462 1376 no
477 1334 732 1375 Iurisconsulti
755 1335 924 1373 meminit
944 1333 1184 1386 Spartianus:
1208 1336 1274 1387 qui
1301 1335 1398 1374 idem
1420 1336 1578 1375 alterum
1593 1366 1606 1383 ,
1630 1347 1676 1378 ut

408 1401 506 1443 puto
517 1420 528 1437 ‚
551 1388 704 1428 Celsum
731 1387 778 1426 ab
801 1400 851 1427 eo
874 1397 1063 1427 memorat
1082 1387 1264 1427 occisum.
1279 1389 1381 1427 Vide
1395 1389 1509 1429 etiam
1531 1391 1676 1442 Xiphil.

409 1444 486 1496 256
503 1442 554 1483 D.
572 1442 686 1482 Duos
702 1441 911 1494 Epicureos
933 1440 1100 1493 agnoscit
1115 1441 1323 1493 Origenes:
1339 1442 1498 1481 alterum
1515 1442 1582 1482 sub
1596 1444 1677 1483 Ne·

407 1509 521 1542 rone,
536 1495 602 1535 suh
617 1495 812 1535 Hadriano
823 1496 864 1535 &
876 1495 1050 1547 deinceps
1068 1495 1245 1542 alterum,
1258 1495 1345 1548 (p.8
1359 1507 1491 1536 contra
1499 1495 1676 1552 Celsum)

408 1550 468 1590 his
488 1549 638 1597 verbis,
652 1549 726 1588 Δύο
747 1547 791 1588 ἐξ
813 1548 1091 1601 παρειλήφαμεν
1108 1549 1268 1588 Κέλσους
1285 1550 1483 1602 γεγονέναι
1507 1550 1676 1590 Ἐπικου-

411 1606 533 1658 ρείους·
546 1606 608 1643 τὶν
619 1603 688 1654 μὲν
703 1603 873 1654 πρότερον
891 1604 994 1641 κατὰ
1007 1602 1148 1654 Νέρωνα
1159 1632 1171 1648 ,
1182 1601 1314 1642 τοῦτον
1326 1602 1372 1642 δὲ
1384 1604 1471 1642 κατ’
1485 1603 1676 1655 ’Aspaavbn

410 1658 475 1697 καὶ
492 1659 698 1707 κατωτέρω.
712 1656 797 1708 Qui
818 1655 1003 1709 posterior
1016 1656 1152 1709 procul
1166 1656 1286 1696 dubio
1299 1655 1362 1696 hic
1373 1656 1504 1697 noster
1517 1657 1570 1697 est
1581 1688 1594 1705 ‚
1609 1659 1675 1700 cui

410 1710 603 1750 Lucianus
623 1711 762 1749 librum
783 1709 886 1749 hunc
905 1709 1013 1749 suum
1035 1708 1211 1749 inscribit.
1229 1709 1371 1749 Omnia
1389 1711 1490 1750 enim
1509 1724 1678 1752 concur-

410 1776 514 1805 runt.
528 1764 657 1804 Primo
669 1776 772 1802 aetas.
787 1763 865 1803 Sub
877 1764 1071 1802 Hadriano
1085 1764 1185 1802 enim
1206 1775 1318 1803 natus
1332 1764 1377 1803 ad
1390 1764 1596 1804 Commodi
1613 1765 1676 1805 us-

409 1831 488 1871 que
508 1828 685 1871 tempora
705 1817 813 1856 facile
834 1817 955 1856 vitam
976 1817 1226 1869 produxerit,
1246 1829 1328 1870 quo
1350 1818 1561 1870 imperante
1579 1819 1678 1860 liber

410 1872 471 1912 hic
487 1870 644 1924 scriptus
656 1871 719 1911 est.
737 1871 914 1910 Secundo
926 1870 1035 1922 fibla.-
1051 1871 1262 1922 Epicureus
1276 1871 1377 1911 enim
1398 1871 1461 1911 hic
1481 1871 1675 1923 summus,

411 1937 458 1965 ut
469 1938 517 1965 ex
531 1937 617 1965 toto
631 1927 703 1964 hoc
715 1924 845 1964 libello
858 1921 869 1973 ,’
882 1925 1086 1978 praecipue
1099 1935 1224 1963 tamen
1236 1937 1284 1964 ex
1300 1925 1444 1965 ultimis
1455 1927 1597 1972 verbis,
1610 1939 1677 1980 pa-

411 1989 469 2020 tet
479 2010 490 2025 ,
504 1979 656 2032 qualem
673 1980 712 2019 &
727 1977 914 2031 Origenes
928 1977 1037 2018 suum
1055 1977 1248 2026 describit,
1261 1979 1327 2031 qui
1339 1979 1374 2018 id
1386 1979 1420 2018 ei
1433 1978 1562 2033 paffim
1574 1982 1676 2022 vitio

412 2033 506 2079 dat,
528 2047 564 2086 p.
586 2032 629 2080 8,
648 2046 715 2079 10,
730 2034 797 2078 16,
813 2046 879 2084 97,
895 2046 982 2086 131,
999 2045 1085 2080 141,
1100 2044 1196 2083 159,
1210 2045 1309 2080 200,
1325 2047 1415 2087 213,
1435 2034 1675 2086 232.Tertio

413 2089 495 2127 liber
510 2099 624 2126 contra
643 2087 788 2138 Magos,
802 2098 916 2138 quem
939 2085 1008 2125 suo
1021 2084 1152 2125 diserte
1166 2086 1354 2126 Lucianus
1366 2085 1543 2139 assignat,
1562 2101 1596 2128 c.
1611 2099 1677 2131 21.‘

415 2141 609 2193 Origenes
624 2152 768 2189 autem,
786 2151 921 2191 utpote
936 2140 1137 2188 remotior,
1151 2140 1381 2190 dubitanter,
1392 2153 1480 2180 cum
1494 2141 1546 2180 ait
1558 2155 1595 2194 p.
1613 2154 1675 2196 53,

414 2194 496 2247 δρᾷς
510 2191 557 2232 ὣς
573 2194 640 2233 διὰ
653 2195 792 2232 τούτων
804 2194 900 2247 piore)
916 2193 1192 2246 παραδέχεται
1201 2194 1370 2247 μαγείαν
1380 2190 1492 2240 εἶναι,
1507 2191 1571 2234 οὗκ,
1583 2191 1675 2236 οἶέοι

415 2248 446 2288 εἰ
459 2247 474 2286 ὁ
489 2244 601 2287 αὖτῦς
614 2247 658 2286 ὢν
671 2247 725 2295 τῷ
739 2247 934 2302 γράψαντι
956 2250 1059 2287 κατὰ
1070 2249 1244 2300 μαγείαις
1255 2248 1384 2294 βιβλία,
1400 2249 1568 2288 πλείονα.
1585 2248 1676 2289 Plu-

413 2301 518 2341 ribus
530 2303 632 2341 enim
647 2302 749 2340 libris
762 2302 837 2340 hoc
850 2313 1113 2354 argumentum
1126 2332 1137 2347 ‚
1152 2313 1194 2341 ut
1208 2314 1257 2341 ex
1271 2313 1439 2356 utroque
1455 2313 1560 2354 patet
1569 2333 1584 2348 ‚
1594 2312 1676 2342 tra-¹

416 2354 545 2394 &aran
571 2356 727 2395 SOLAN.
753 2354 816 2394 De
838 2369 959 2395 aetate
983 2354 1082 2395 Celsi
1106 2356 1206 2395 male
1230 2355 1373 2396 senfiffe
1395 2356 1548 2395 videtur
1567 2355 1678 2396 Dod-

416 2409 553 2448 wellus
566 2410 604 2448 in
625 2408 776 2448 Differt.
793 2410 891 2450 lren.
906 2410 998 2450 &in
1013 2410 1114 2450 notis
1131 2411 1175 2449 ad
1187 2409 1442 2463 fragmentum
1460 2409 1550 2449 Phil.
1569 2409 1689 2458 Side-g.

418 2474 492 2503 tae.
507 2474 561 2501 LA
577 2463 737 2502 Cuoziz.

473 2519 544 2557 ead.
558 2517 582 2558 l.
594 2531 631 2567 4·
643 2516 765 2572 Ἀλεξ.
776 2516 843 2559 τοῦ
857 2517 996 2573 Ἀβων.)
1011 2517 1098 2559 Fuit
1109 2529 1160 2559 eo
1174 2529 1349 2573 tempore
1362 2516 1578 2561 Alexander
1588 2517 1683 2574 qui-'4
