1730 3326
423 221 519 285 398
619 218 1498 270 ANNOTATIONES

481 311 560 349 ibid.
583 310 847 364 Hcsanslpaor)
865 311 1059 351 Podalirius
1077 311 1295 366 Aesculapii
1319 313 1441 363 filius,
1460 313 1571 355 cuius
1588 315 1625 357 se
1647 314 1698 356 fid
1728 350 1730 357 ,

421 361 517 402 lium
534 364 698 416 fingebat
711 365 938 404 Alexander.
953 366 1008 411 V,
1023 378 1055 404 c.
1075 379 1134 417 39.
1152 366 1310 406 SOLAN.
1728 410 1730 414 Α

478 419 578 456 ead.l
604 432 616 456 1
632 419 840 471 ς.Τρικκης)
857 420 978 471 Lege,
995 418 1019 456 sn
1036 419 1166 465 lubet,
1179 418 1288 472 Orig.
1302 434 1333 460 c.
1347 419 1445 461 Cels.
1462 421 1530 468 111,
1542 435 1578 474 p.
1601 436 1615 461 1
1628 435 1691 476 13,
1728 419 1730 429 '

424 484 450 510 2
463 499 474 515 ‚
495 472 561 510 ubi
581 472 676 510 inter
694 472 806 510 urbes
826 471 1055 515 recensetur,
1072 472 1108 510 in
1131 473 1270 525 quibus
1291 473 1471 514 miracula
1490 474 1556 514 sua
1579 477 1692 516 edere

424 525 648 563 credebatur
670 525 928 576 Aesculapius.
955 525 1002 563 V.
1029 526 1140 564 etiam
1166 525 1308 565 Avien.
1329 526 1437 566 Arat.
1459 542 1498 567 v.
1527 530 1625 577 206,
1648 529 1691 569 &

423 576 548 616 Strab.
564 579 614 616 lX
627 609 638 625 ‚
653 579 697 616 de
709 577 854 629 templo
870 577 1084 631 Aesculapii
1098 580 1134 617 in
1146 592 1191 618 ea
1205 579 1299 619 urbe
1311 581 1561 622 celeberrimo
1571 581 1612 620 &
1622 592 1692 621 an-

421 631 644 683 tiquiffimo.
663 631 720 670 Est
733 643 859 670 autem
878 632 967 671 urbs
983 631 1216 678 Thessaliae,
1231 634 1342 672 cuius
1359 634 1398 672 δι
1414 635 1530 673 Hom.
1552 635 1690 674 memi-

420 685 481 723 nit
493 685 531 723 in
547 684 666 723 Catal.
682 686 755 735 236
770 714 781 730 ,
797 685 862 724 ubi
878 697 991 725 natus
1002 686 1143 725 dicitur
1158 685 1424 740 Aesculapiu53
1441 687 1560 727 Strab.
1576 688 1691 738 XIV,

422 751 461 790 p.
477 751 526 777 m.
543 739 621 786 446
636 739 683 777 A.
697 738 855 777 SOLAN.

475 793 554 830 ibid.
576 791 788 844 Στύεσδαι)
810 791 913 831 Male
928 791 965 830 in
982 791 1132 844 Anglic.
1146 791 1244 832 Cod.
1268 793 1521 833 στέλλεσθαι.
1535 794 1690 834 Vocem

420 845 609 886 στύεσθαι
635 846 720 884 alibi
746 846 990 898 interpretor.
1011 846 1185 886 BOURD.
1211 847 1453 888 Στέλλεσθαι
1473 858 1621 899 praeter
1636 849 1688 890 A.

419 898 461 937 Ρ.
474 897 514 937 δι
530 899 568 937 L.
581 899 697 952 longe
708 927 719 946 ‚
735 912 818 938 mea
832 899 986 951 quidem
1001 898 1203 948 sententia,
1220 901 1365 947 melius,
1379 914 1494 953 quam
1513 912 1555 940 ut
1569 902 1604 940 in
1618 901 1690 942 im-

416 951 548 1004 preffis
560 951 632 999 est,
647 953 845 992 στύεσθαι.
867 952 1026 993 Sensum
1042 953 1223 1006 vulgatae
1237 954 1380 1006 aperiet
1399 954 1592 1008 Aristoph.
1607 955 1690 1007 Ly·

416 1005 582 1055 sistram,
595 1007 757 1046 eundem
776 1006 877 1053 fere,
891 1020 1005 1060 quem
1021 1006 1106 1046 alibi
1125 1020 1191 1059 per
1204 1007 1335 1059 οἴστρῳ
1351 1011 1550 1060 φέρεσθαι,
1565 1019 1631 1048 aut
1646 1007 1689 1048 st-

419 1060 510 1100 mile
521 1061 623 1113 quid,
639 1060 761 1100 effert.
773 1061 906 1100 V.’Ov.
923 1074 956 1101 c.
972 1073 1014 1113 33
1032 1061 1100 1109 bis,
1117 1062 1155 1100 &
1175 1074 1235 1112 51-
1249 1059 1320 1100 Sed
1335 1074 1404 1101 nec
1415 1061 1553 1101 castior
1565 1061 1688 1102 solum

417 1126 501 1152 vox
522 1115 756 1155 στέλλεσθαι
769 1145 781 1160 ,
800 1114 860 1154 sed
880 1114 939 1154 hic
955 1115 1068 1167 longe
1083 1116 1224 1166 aptior,
1240 1115 1444 1168 itinerique
1463 1125 1574 1155 tanto
1593 1128 1691 1156 con·

419 1168 656 1214 venientior,
678 1168 719 1207 δι
735 1168 880 1207 Nostro
899 1167 1099 1209 familiaris.
1120 1170 1299 1221 V.''N1yp.
1319 1181 1404 1223 cap.
1426 1183 1468 1216 2,
1492 1183 1528 1221 3,
1545 1169 1587 1209 &
1607 1169 1690 1222 pas·

415 1220 498 1259 lim.
509 1221 666 1261 SOLAN.
681 1222 735 1261 At
747 1220 874 1261 verfio
885 1221 1044 1262 Gesneri
1057 1222 1242 1262 στύεσὲαι
1258 1221 1394 1261 servat.
1412 1222 1561 1262 Rmz.
1581 1223 1688 1264 Non-

415 1274 506 1313 dum
521 1275 691 1326 poenitet
705 1272 772 1313 τοῦ
784 1275 966 1314 στύεσθαι
981 1275 1020 1314 in
1042 1276 1219 1316 verfione
1241 1275 1390 1316 servati.
1404 1276 1540 1316 Sermo
1563 1276 1619 1317 est
1639 1278 1686 1318 de

414 1327 576 1367 homine
594 1330 752 1379 μάχλῳ
766 1329 805 1368 &
825 1328 1118 1382 γυναικομανεῖ,
1140 1330 1269 1369 oratio
1286 1329 1445 1370 satirica.
1460 1329 1589 1370 GESN.
1607 1331 1686 1371 Re-

413 1380 612 1474 p0¹suimus
623 1383 704 1422 edd.
719 1393 811 1422 vett.
826 1381 1029 1422 lectionem
1045 1383 1245 1430 στύεσθαι,
1259 1396 1376 1436 quam
1387 1383 1556 1437 agnoscit
1569 1385 1687 1425 etiam

416 1435 462 1475 M
483 1466 489 1473 .
504 1436 563 1475 Re
594 1450 634 1474 .2
693 1450 728 1483 4.

469 1492 545 1529 ead.
555 1449 589 1529 ἔ
597 1504 610 1528 1
619 1450 820 1543 6?{2‘Jpn⁷0)
831 1489 962 1530 Minus
975 1488 1077 1529 refle
1086 1489 1124 1528 in
1137 1490 1250 1543 Angl.
1263 1490 1361 1531 Cod.
1372 1489 1501 1542 εἴρητο.
1512 1490 1686 1532 Boukn.

471 1545 561 1597 Pag.
575 1557 640 1594 75.
660 1544 684 1582 l.
707 1559 740 1583 2.
763 1545 873 1582 Κατὰ
887 1544 1044 1594 Τύρσιν)
1067 1542 1288 1597 Descriptio
1306 1544 1581 1585 Abonoteichi.
1606 1545 1687 1586 So-

415 1606 516 1637 LAN.
531 1598 620 1637 Vid.
637 1598 731 1638 haec
744 1597 786 1638 δι
803 1607 1035 1648 computum
1056 1598 1205 1637 numeri
1220 1598 1347 1638 literas
1359 1602 1487 1637 ΑΛΕΞ.
1501 1599 1687 1639 exhiben-

413 1652 478 1697 tis,
493 1652 516 1692 i.
530 1665 562 1691 e.
575 1650 831 1702 Ἀλέξανδρος,
850 1652 914 1690 vel
926 1651 1114 1703 ἁλεξητης
1127 1652 1330 1701 auxiliator,
1344 1652 1490 1706 plenius
1511 1652 1686 1707 exposita

412 1706 516 1757 apud
531 1706 573 1745 L.
593 1705 674 1745 Bos
691 1705 737 1744 ad
753 1705 901 1758 Evang.
929 1705 1033 1745 Ioan.
1055 1705 1091 1751 1,
1111 1720 1156 1754 4,
1172 1718 1257 1759 pag.
1279 1719 1324 1758 52
1347 1706 1388 1746 δι
1405 1705 1478 1760 seq.
1497 1705 1569 1746 Sed
1590 1708 1686 1767 quia

412 1759 545 1798 eadem
561 1772 628 1810 per
640 1759 911 1813 compendium
925 1770 1074 1799 enarrat
1085 1758 1267 1808 Solanus,
1282 1759 1441 1800 Bofium
1457 1772 1537 1800 non
1549 1761 1688 1802 exieri-

413 1813 515 1852 bam.
536 1813 681 1852 Rmz.

467 1867 546 1907 ibid.
561 1866 688 1917 Τύρσιν
704 1889 749 1897 -
765 1863 1014 1921 ἀλεξητῆρος)
1029 1866 1253 1920 Ineptorum
1268 1865 1448 1907 versuum
1463 1866 1605 1907 bonam
1624 1868 1684 1908 in-

410 1922 728 1974 terpretationem
743 1921 854 1968 dare,
869 1933 930 1969 ne,
947 1920 972 1959 fi
991 1920 1133 1972 poffem
1155 1921 1307 1974 quidem
1320 1951 1334 1967 ,
1349 1921 1498 1961 vellem.
1514 1921 1607 1962 Non
1628 1921 1686 1962 est

408 1975 474 2015 hic
486 1976 691 2029 quidquam
707 1975 857 2028 ingenii,
879 1973 952 2020 sed,
970 1976 1064 2014 utin
1080 1986 1167 2015 toto
1181 1975 1256 2016 hoc
1268 1987 1406 2029 genere
1419 2006 1430 2022 ,
1444 1974 1613 2028 stribligo
1625 1976 1685 2022 di,-

410 2028 571 2076 ἃίοηὶε,
589 2028 756 2081 stupidae
777 2028 956 2080 argutiae.
971 2029 1100 2080 Τύρσις
1116 2042 1270 2078 muros,
1295 2029 1469 2076 moenia,
1490 2029 1681 2080 castrum,

410 2082 616 2136 fignificat:
640 2095 796 2123 notatur
811 2085 941 2136 itaque
958 2082 1255 2137 Ἀβωνουτεῖχος.
1280 2083 1510 2135 Ausoniorum
1532 2085 1682 2125 mentio

410 2137 554 2177 indicat
566 2169 577 2186 ,
595 2136 664 2177 sub
682 2138 917 2188 imperatore
929 2137 1113 2177 Romano
1127 2151 1205 2177 rem
1222 2139 1303 2190 geri
1316 2137 1463 2177 debere.
1483 2139 1614 2177 Monas
1627 2135 1683 2177 est

413 2195 468 2240 A,
482 2205 547 2230 tres
564 2195 701 2231 decades
724 2200 750 2229 Α
771 2192 844 2231 διε.
860 2190 1099 2244 Ἀλεξητῆρος
1123 2204 1266 2231 nomen
1287 2191 1525 2231 retinendum
1548 2191 1619 2232 fuit
1639 2192 1682 2232 in

409 2244 602 2285 versione.
624 2246 825 2286 Metuebat
844 2245 987 2285 astutus
1007 2245 1173 2298 Apollo,
1192 2259 1240 2285 ne
1255 2258 1334 2285 non
1357 2245 1442 2285 satis
1454 2246 1558 2285 clare
1576 2245 1680 2298 apud

410 2299 679 2352 Paphlagonas
698 2299 872 2352 fignaffet
898 2312 1039 2339 nomen
1065 2301 1274 2353 prophetae
1301 2298 1356 2339 sui
1380 2313 1448 2353 per
1470 2310 1585 2340 notas
1607 2311 1682 2339 nu-

410 2354 571 2393 merales
585 2357 715 2393 ΑΛΕΞ.
735 2354 804 2393 nifi
827 2354 1028 2401 adiiceret,
1047 2367 1110 2394 eas
1126 2355 1264 2408 primas
1278 2366 1446 2407 quatuor
1459 2353 1586 2394 literas
1605 2353 1681 2394 effe

410 2407 451 2446 in
466 2421 564 2446 voce
578 2408 787 2460 Ἀλεξητίιρ.
803 2407 929 2448 GESN.

410 2514 434 2555 d
458 2463 573 2556 Fadbl.
594 2476 626 2514 3.
640 2462 702 2502 Ἐκ,
720 2462 888 2516 πρώτης)
910 2462 1098 2516 Aenigma
1122 2461 1199 2509 est,
1218 2474 1302 2517 quo
1322 2461 1376 2515 (A
1390 2465 1451 2501 ΛΕ
1463 2460 1522 2515 Ξ)
1547 2460 1678 2516 ανὸρος
1729 2475 1730 2479 ’

436 2527 456 2557 e
473 2528 525 2558 cri
554 2528 641 2556 itur.
