1730 3326
739 118 763 136 l

399 239 492 299 428
603 237 1467 288 ANNOTATIONES

456 328 528 364 ead.
544 327 567 364 l.
587 324 968 378 11.Taavot“2)Mox÷'v
983 326 1069 374 Τίῳ,
1095 325 1210 366 retae.
1227 327 1314 366 Fuit
1334 326 1375 366 &
1394 326 1576 367 Sacerdos
1595 338 1665 368 no·

403 380 506 418 mine
532 380 690 425 consul,
705 393 808 418 anno
821 378 958 419 Christ.
980 393 993 417 ι
1006 379 1071 430 58,
1086 377 1146 418 sed
1161 379 1207 418 ab
1223 379 1296 420 hoc
1309 379 1490 420 diversus.
1507 378 1665 420 Some.

455 435 528 471 ead.
543 434 565 470 l.
582 448 595 471 1
604 449 639 481 4.
651 433 700 472 Ἐν
713 434 780 482 Τίῳ
792 433 808 485 )
821 433 899 471 Tio<
911 433 1023 471 πόλις
1044 434 1314 486 Παφλαγονίας
1327 431 1395 471 τοῦ
1408 432 1560 473 Πόντου.
1583 432 1667 473 Ste-

402 486 515 540 plian.
529 489 656 532 Τιέιον,
669 489 727 534 τὸ,
740 486 930 525 Straboni.
944 484 1113 526 GUYET.
1402 500 1407 504 ·

456 542 529 578 ead.
544 540 567 578 Ι.
587 553 641 591 ις.
653 539 753 590 Ἐγὼ
766 533 824 580 Μ’
837 538 874 579 ὃς
890 539 1117 578 ‘Aoum-niae
1131 538 1216 578 νέος.
1231 535 1350 577 ἄλλος
1366 537 1456 590 *περ’
1469 536 1668 579 ἐκεῖνοντὸν

403 594 596 645 aphusiam
615 591 695 631 πῶς
718 596 863 645 Λέγεις
884 589 921 630 οὗ
936 592 1002 645 a.)
1017 591 1118 631 Cum
1140 591 1191 632 sic
1207 590 1433 644 distinguant
1454 603 1608 640 omnes,
1625 591 1666 632 δι

402 647 556 699 quidem
572 659 652 685 non
669 647 788 691 male,
802 644 913 684 causa
927 658 1006 684 non
1022 643 1117 691 fuit,
1134 658 1204 684 cur
1224 645 1263 684 in
1282 644 1424 685 Latinis
1438 657 1667 696 augerentur

403 701 750 752 interrogationum
776 711 894 738 notae
910 729 922 746 ,
947 710 1242 750 verterentque,
1262 699 1416 750 numquis
1438 698 1529 737 alius
1548 700 1591 737 ab
1609 698 1671 738 illo

399 754 538 807 priore?
555 765 644 791 nam
659 754 723 805 qui
737 753 837 791 addit
865 756 949 799 νέον,
961 752 1121 790 dubitari
1136 750 1244 790 simul
1256 763 1335 790 non
1347 750 1467 802 potest
1478 782 1491 799 ,
1504 752 1596 804 quin
1609 752 1672 791 lo·

404 816 546 860 quatur
563 806 608 845 de
625 807 699 845 alio
712 836 723 854 ‚
749 818 864 858 quam
885 817 971 844 ante
989 804 1081 844 fuit:
1099 803 1159 844 sed
1175 805 1378 857 quomodo
1393 805 1430 844 id
1448 805 1674 858 contigerit,

405 871 521 912 negat
540 873 630 899 mox
651 858 706 899 fas
724 859 796 898 effe
816 859 953 898 clarius
974 857 1143 898 noscere.
1161 857 1277 898 Certe
1295 858 1433 898 debent
1451 858 1674 898 convenire.

405 914 574 966 Sponius
589 925 713 952 tamen
737 924 894 965 quoque
916 911 966 951 sic
989 912 1188 951 reddebat:
1209 912 1370 958 Di-moi,
1393 912 1549 964 Glycon,
1564 912 1672 965 quies

409 980 447 1006 uc
458 970 478 1005 Ρ
493 966 618 1018 lesuis
634 968 662 1005 le
675 967 799 1006 nouvel
814 967 844 1004 E
841 965 994 1018 sculape.
1011 966 1064 1003 Es
1077 978 1115 1004 tu
1131 965 1166 1002 E
1162 965 1304 1017 sculape
1318 966 1504 1012 lui-mehe,
1524 981 1568 1006 ou
1581 965 1674 1019 quel-

410 1022 585 1074 qu'autre‚
599 1021 655 1073 qui
675 1021 725 1059 lui
738 1020 926 1073 rtffi’mble?
945 1020 980 1059 ll
988 1020 1070 1072 tz’est
1082 1033 1150 1071 pas
1158 1018 1284 1072 permis
1296 1021 1335 1058 de
1352 1019 1473 1058 revelet·
1487 1034 1540 1058 ces
1555 1020 1675 1072 myste-

411 1091 474 1114 res.
492 1074 639 1115 GRON.

462 1132 534 1167 ead.
547 1129 568 1168 l.
587 1127 804 1180 16.’‘A).>1⁰5)
822 1126 883 1168 Sic
901 1127 1064 1166 omnino
1079 1125 1376 1178 distinguendum
1388 1155 1400 1173 ‚
1416 1126 1470 1165 uti
1495 1138 1518 1164 a
1540 1137 1600 1166 me
1620 1124 1678 1166 fa·-

409 1181 514 1221 &uni
538 1182 606 1221 est:
636 1193 760 1234 neque
782 1183 881 1220 enim
905 1181 981 1220 ulla
1009 1181 1159 1219 ratione
1186 1178 1309 1232 passus
1328 1178 1439 1219 fuerit
1460 1179 1616 1231 Glyco,
1638 1179 1677 1219 se

410 1235 526 1274 alium
541 1236 588 1273 ab
606 1234 835 1286 Aesculapio
851 1235 978 1287 priore
993 1234 1078 1273 dici.
1095 1234 1169 1274 Hic
1186 1243 1314 1273 autem
1330 1234 1365 1272 in
1391 1244 1555 1273 mentem
1570 1233 1677 1272 venit

407 1290 456 1326 de
477 1287 799 1339 inscriptionibus,
815 1300 914 1340 quae
932 1289 969 1326 in
991 1288 1118 1327 tabula
1137 1300 1351 1326 marmorea
1373 1286 1522 1326 Romae
1543 1288 1581 1326 in
1599 1285 1681 1326 Ae-

409 1341 564 1394 sculapii
579 1341 724 1393 templo
740 1352 914 1393 repertae
928 1371 936 1385 ,
954 1340 1125 1394 quasque
1143 1341 1329 1380 Antonini
1350 1351 1522 1394 tempore
1538 1339 1681 1393 positas

410 1407 526 1448 patet.
540 1396 587 1434 V.
602 1395 837 1434 Fleetwood.
851 1409 887 1448 p.
904 1394 963 1447 38.
979 1394 1104 1446 Quod
1125 1395 1162 1433 in
1178 1395 1235 1433 his
1256 1394 1454 1434 oraculum
1476 1395 1680 1441 indicatur,

411 1450 487 1489 hoc
502 1448 620 1502 ipsum
637 1449 843 1488 Alexandri
865 1448 1069 1488 oraculum
1091 1447 1163 1488 effe
1183 1447 1319 1487 statuo.
1340 1448 1496 1487 SOLAN.
1516 1447 1682 1488 Salanus

410 1504 517 1542 aliter
534 1503 707 1556 distingui
723 1503 849 1548 iubet,
863 1515 933 1542 nec
949 1514 1076 1540 tamen
1093 1503 1130 1540 in
1152 1503 1252 1540 notis
1273 1501 1346 1540 suis
1361 1501 1594 1554 addit.·quid
1609 1502 1681 1554 igi-

413 1569 478 1596 tur
492 1558 657 1597 mutarit.
681 1556 819 1608 Quare
834 1556 868 1596 id
885 1556 1014 1608 paucis
1027 1556 1220 1595 indicabo.
1241 1554 1284 1594 In
1298 1556 1390 1602 Iunc.
1406 1554 1489 1608 post
1505 1555 1582 1608 ἐγὼ
1594 1555 1681 1595 dee·

412 1622 472 1650 rat
484 1624 638 1651 comma
650 1641 662 1658 ‚
678 1611 753 1651 hoc
769 1611 819 1650 ibi
833 1611 993 1650 addidit:
1016 1608 1102 1663 post
1115 1610 1186 1648 νέος
1202 1621 1356 1648 comma
1364 1604 1472 1656 brat,
1487 1609 1521 1648 id
1535 1611 1571 1648 in
1586 1621 1684 1662 pun-

413 1666 516 1706 &um
533 1667 660 1710 minus
673 1665 849 1704 mutavit.
864 1665 918 1704 At
935 1663 1107 1703 correcta
1122 1663 1181 1702 illa
1195 1661 1382 1704 distinctio
1391 1664 1466 1703 iam
1487 1675 1686 1716 compare·

414 1719 478 1758 bat
493 1720 529 1758 in
545 1720 626 1758 Par.
640 1731 754 1772 quam
769 1718 1026 1771 expressimus.
1045 1718 1193 1756 ΚΕΗ-Ζ.

473 1773 563 1824 Pag.
583 1773 703 1825 103.l.
721 1785 750 1824 ς.
778 1771 988 1825 Adimam)
1013 1770 1168 1811 Diaum
1190 1769 1301 1824 supra
1322 1769 1375 1810 est
1394 1770 1442 1810 ad
1455 1783 1537 1823 cap.
1561 1771 1683 1824 29.V.

417 1825 539 1866 Ovid.
553 1827 647 1866 Met.
661 1826 699 1873 1,
721 1826 805 1878 516.
821 1825 979 1866 Sotiis.

469 1884 543 1919 ead.
556 1882 580 1919 l.
593 1894 628 1927 7.
648 1879 966 1932 Χρησμῳὲοὗντιι)
983 1878 1047 1918 Ed.
1067 1879 1093 1916 I.
1108 1876 1466 1932 χρησμοὲοτοῦνται·
1482 1889 1581 1930 quae
1596 1876 1684 1918 scri·-

414 1945 527 1987 ptura
542 1935 670 1974 verior
689 1935 858 1983 videtur,
875 1933 901 1973 fi
917 1933 1070 1987 quidem
1086 1933 1278 1973 Lucianus
1296 1931 1368 1972 suis
1381 1930 1447 1970 ista
1463 1931 1589 1971 verbis
1603 1944 1685 1971 non

404 1987 619 2041 scripserit,
642 1987 702 2028 sed
721 1987 834 2040 ipsius
856 1986 1106 2040 inscriptionis
1131 1999 1222 2027 vere
1246 1986 1363 2026 verba
1391 1984 1618 2024 exhibuerit.
1631 1986 1683 2025 V.

415 2043 519 2082 Suid.
538 2042 639 2095 apud
655 2055 769 2094 quem
791 2055 835 2081 ea
857 2055 937 2082 vox
958 2041 1159 2094 reperitur.
1176 2040 1335 2081 SOLAN.
1352 2037 1688 2091 Xpnclupsofivm)

417 2097 479 2137 Sic
492 2109 571 2149 cap.
589 2110 610 2135 2
621 2109 654 2144 5,
666 2095 762 2135 vers.
777 2094 842 2134 fin.
856 2096 897 2136 δι
911 2095 969 2137 hic
984 2095 1102 2148 paulo
1118 2106 1204 2135 ante
1215 2095 1312 2134 idem
1327 2093 1488 2133 verbum
1503 2093 1550 2132 ab
1560 2093 1689 2133 omni-

416 2151 489 2190 bus
504 2150 743 2190 scribebatur.
759 2149 906 2189 Rmrz.

473 2206 548 2242 ead.
572 2204 595 2242 l.
612 2203 646 2243 8.
663 2203 768 2243 Μηὲὲ
787 2201 890 2243 τοῦτ’
905 2201 1256 2254 ἑθε>.ἠσῃς“εὲδ“ένοιι)
1273 2201 1360 2241 Vid.
1375 2199 1629 2254 philoponum
1642 2199 1691 2240 de

418 2258 612 2297 creatione
627 2270 710 2310 pag.
726 2257 811 2309 183,
824 2257 864 2295 L.
877 2257 950 2304 IV,
963 2269 995 2297 c.
1013 2270 1074 2295 20.
1096 2267 1149 2295 LA
1165 2255 1326 2296 Cnozt.

472 2314 545 2350 ead.
561 2312 583 2350 l.
598 2326 655 2363 13.
674 2310 845 2364 Λεπίέῳ)
860 2311 910 2350 V.
927 2310 1037 2359 supra
1054 2323 1087 2349 c.
1105 2324 1125 2348 2
1136 2324 1167 2362 5.
1180 2309 1337 2349 Sor-AN.

474 2367 560 2418 Pag.
577 2379 660 2414 104.
672 2366 695 2403 l.
710 2379 746 2417 9.
762 2366 902 2416 Θηρίοις
918 2362 1062 2417 >Confi
1077 2363 1190 2416 supra
1200 2377 1232 2403 c.
1250 2378 1270 2402 2
1286 2362 1398 2401 huius
1411 2361 1516 2402 Dial.
1527 2360 1689 2402 SOLAN:

474 2419 555 2456 ibid.
567 2418 662 2457 “rvr‘o
677 2417 765 2465 σοῦ)
782 2418 864 2458 Iam
881 2418 1033 2458 demum
1047 2418 1147 2457 reete
1160 2417 1240 2457 edd.
1261 2415 1311 2456 fic
1323 2415 1508 2462 scribunt,
1522 2427 1610 2454 cum
1622 2416 1689 2454 ali-

421 2471 459 2511 bi
481 2484 665 2525 perpetuo
681 2470 753 2512 ὑπό
769 2487 833 2511 σου
849 2474 890 2513 &
903 2471 1032 2511 similia
1045 2471 1275 2517 exhibeant,
1293 2471 1330 2509 in
1344 2469 1539 2510 encliticae
1558 2480 1695 2519 accerr-

421 2537 465 2566 tu
480 2526 700 2570 traiicieado
719 2527 879 2567 nimium
894 2526 1109 2579 diligentes,
1127 2537 1242 2579 quem
1256 2536 1329 2565 nos
1343 2521 1426 2578 post
1440 2521 1692 2578 praepositio-2
