1730 3326
380 205 468 267 5&
579 205 1448 253 ANNOTATIONES

374 293 444 346 plis
459 291 634 340 firmare3
655 293 774 333 modo
793 293 940 340 videas,
960 306 1061 346 quae
1080 293 1290 334 indicamus
1301 294 1347 333 ad
1359 307 1441 347 cap.
1461 294 1507 335 16
1526 295 1642 336 huius

375 345 624 397 Πρεσλαλιᾶς.
652 347 801 386 REITZ.

429 402 518 452 stag.
537 413 624 451 295.
639 400 661 439 l.
682 413 712 438 1.
728 399 987 454 Ἀγαπητῶς)
1002 399 1172 451 Alciphr.
1186 399 1222 444 1,
1244 400 1313 452 Ep.
1328 413 1395 450 13,
1423 400 1533 440 Πόθεν
1555 403 1637 453 ‘yde

375 466 471 492 ποτε
494 453 545 490 εἰς
560 452 674 491 ἁλιέα
695 452 872 492 suornm
887 453 1106 506 ἀγαπητῶς
1121 454 1184 491 την
1198 453 1414 505 ἀναγκαίαν
1431 455 1638 507 ἐκπορίζον-

375 520 429 544 τα
441 505 641 556 ἓιατροφῖιν
655 505 734 557 ἔρως
744 504 922 555 ἐνέσκηψε
935 519 945 552 ;
960 506 1064 558 quod
1073 506 1198 558 Bergl.
1210 507 1326 546 vertit
1339 507 1540 547 :Enimvero
1552 511 1638 548 unde

375 560 411 598 in
425 558 623 610 piscatorem
646 560 795 611 miserum
808 589 820 608 ,
841 560 898 612 qui
919 560 984 598 vix
1005 560 1216 611 necffzrium
1236 561 1356 598 viblum
1370 562 1526 613 acquirit,
1540 577 1636 601 amor

373 611 648 663 imp'etumftcit?
661 614 814 665 aliaque
827 614 899 652 tria
918 611 1131 652 testimonia
1145 614 1312 659 adducit,
1325 614 1466 665 quibus
1481 615 1636 667 probat,

375 666 597 718 ἀγαπητῶς
607 664 680 704 effe
692 667 767 713 vix,
781 680 885 718 aegre.
904 667 977 718 Ap.
991 667 1197 705 Herodian.
1213 678 1309 705 vero
1321 667 1393 714 VI,
1410 681 1445 712 2,
1465 680 1523 715 ιο,
1534 668 1637 716 μηδὲ

373 720 564 769 ματαίαις
580 719 726 758 ἐλπίσιν
740 718 973 770 αἰωρούμενον
987 742 1031 749 -
1047 719 1265 772 ἀγαπητῶς
1288 719 1333 758 δὲ
1352 720 1456 771 ἔχειν
1475 717 1637 762 ἕκαστον

374 774 427 810 τὰ
442 768 572 818 αὑτοῦ,
586 774 692 810 debere
707 788 965 826 unumquemque
974 773 1052 824 suis
1069 775 1166 811 rebus
1179 784 1365 812 contentum
1376 773 1444 823 effe.
1468 774 1513 813 Et
1532 775 1609 814 Vll
1621 805 1635 823 ,

375 824 415 870 8,
427 840 466 877 9,
479 823 535 865 νῦν
549 823 821 878 ἦσυχάζουσιν,
835 825 1054 879 ἀγαπητῶς
1062 825 1220 879 ἔχοντες
1229 828 1282 865 τὰ
1293 825 1445 867 ἑαυτῶν,
1457 826 1528 867 Sed
1540 840 1634 868 cum

374 879 502 930 Steph.
516 879 588 917 alia
604 878 785 932 proferat,
806 880 871 918 ubi
883 892 990 931 grate,
1003 881 1192 919 amabiliter
1205 878 1403 932 significet,
1422 882 1636 932 rogaveris,

375 945 474 973 anne
486 933 676 972 contraria
691 931 916 985 significatio
937 933 986 972 s1c
1001 933 1083 972 infit
1101 933 1188 973 huic
1203 933 1415 973 adverbio?
1438 935 1589 974 Verum
1605 935 1635 975 fi

373 986 571 1039 propriam
580 986 659 1026 eius
672 988 748 1025 vim
763 988 942 1033 attendas,
953 987 1115 1033 videbis,
1126 987 1199 1026 esse
1211 987 1261 1034 id,
1274 986 1380 1040 quod
1394 986 1565 1040 praesens
1580 1001 1636 1028 re-

373 1053 461 1079 rum
478 1039 591 1079 status
600 1039 732 1092 exigit,
743 1053 823 1093 quo
832 1042 918 1092 quis
928 1053 1132 1080 contentus
1143 1040 1209 1087 est,
1223 1041 1397 1093 adeoque
1408 1041 1452 1080 ad
1461 1041 1634 1081 animum

374 1094 544 1133 hominis
557 1094 623 1132 ubi
638 1093 791 1140 referas,
806 1093 915 1133 suum
930 1093 1065 1134 statum
1079 1097 1254 1140 amantis,
1268 1095 1290 1134 i.
1305 1107 1338 1134 e.
1350 1095 1540 1143 contenti,
1553 1108 1634 1134 ma·

374 1160 467 1187 nere
487 1146 634 1186 sensum
650 1159 763 1200 atque
775 1148 962 1200 originem
977 1147 1041 1188 τοῦ
1054 1146 1231 1202 ἀγαπᾷν,
1253 1158 1295 1187 ut
1315 1148 1415 1200 apud
1436 1161 1526 1196 nos,
1551 1165 1635 1189 voot-

373 1200 446 1252 lies
442 1216 564 1239 nemen.
584 1200 707 1252 Quod
720 1200 838 1252 ipsum
856 1213 999 1248 tamen,
1011 1214 1099 1241 cum
1113 1202 1158 1241 de
1169 1215 1209 1241 re
1221 1202 1400 1241 mediocri
1412 1214 1454 1240 ac
1467 1203 1571 1241 tenui
1583 1202 1634 1242 di-

373 1254 408 1293 ci
422 1264 534 1300 amet,
558 1252 665 1293 facile
678 1265 795 1307 patet,
813 1267 885 1294 cur
900 1255 937 1293 id
955 1257 1068 1294 etiam
1082 1256 1157 1302 vix,
1178 1270 1270 1308 aegre
1281 1255 1468 1295 interdum
1483 1268 1633 1296 vertere

370 1307 493 1347 liceat.
520 1307 566 1346 Et
579 1307 629 1347 sic
643 1307 731 1347 sane
744 1308 949 1347 vertendus
962 1309 1055 1348 alter
1067 1308 1314 1361 Alciphronis
1335 1310 1446 1349 locus
1465 1308 1516 1348 111
1531 1339 1541 1355 ,
1566 1324 1587 1348 2
1597 1322 1631 1361 5,

372 1375 409 1413 p.
426 1376 469 1413 33
478 1375 513 1408 2,
525 1360 620 1413 Ἐγὼ
632 1361 676 1401 δὲ
691 1361 836 1412 οἱκουρῶ
843 1362 952 1412 μόνη,
961 1365 1066 1412 μετὰ
1077 1364 1239 1414 Σισὺρας
1251 1362 1467 1416 ἀγαπητῶς
1479 1364 1532 1402 τὰ
1543 1378 1634 1403 παι-

371 1413 441 1453 ὃία
460 1414 690 1460 βουκολοῦσα
714 1438 758 1445 -
778 1416 856 1467 Jola
878 1428 936 1467 ego
958 1431 1033 1456 cum
1056 1417 1150 1468 Syra
1172 1417 1291 1456 liberos
1314 1428 1426 1468 aegre
1448 1417 1553 1456 alens.
1581 1417 1630 1456 Et

370 1468 548 1520 quamvis
565 1468 772 1508 locutionis
797 1470 898 1509 ratio
917 1483 997 1510 non
1019 1481 1244 1523 appareret,
1266 1469 1351 1509 satis
1370 1469 1423 1510 est
1448 1468 1557 1510 usum
1577 1470 1631 1510 fic

370 1522 514 1563 iubere.
539 1522 689 1563 Rmz.

422 1579 497 1616 ead.
510 1577 534 1614 Ι.
548 1592 584 1624 4.
599 1576 929 1630 Ἐπιγιγνομένων)
949 1576 1092 1630 Supple
1103 1576 1303 1629 ἀνθρώπων.
1323 1576 1493 1617 GUYET.

424 1633 496 1668 ead.
510 1631 533 1667 l.
551 1630 589 1669 6.
610 1630 909 1683 Ἔντελεστὲρων)
924 1631 1014 1670 Non
1036 1630 1113 1670 fine
1130 1633 1279 1671 ratione
1292 1631 1549 1671 Florentinam
1569 1631 1632 1673 hic

368 1684 536 1723 contulit
548 1681 731 1724 Solanus:
751 1697 838 1723 nam
853 1686 1003 1724 videtur
1016 1684 1222 1736 suspicatus
1234 1686 1398 1738 aliquam
1416 1698 1628 1725 ceterarum

369 1734 631 1788 εὐτελεστέρων
643 1737 794 1777 habere.
807 1738 855 1777 Et
875 1739 1057 1791 interpres
1075 1738 1259 1778 parlfinae
1271 1738 1320 1778 fic
1329 1738 1479 1778 videtur
1489 1739 1630 1792 legisse,

369 1791 439 1844 qui
452 1792 652 1844 vulgaribus
666 1792 700 1830 6³
711 1791 923 1842 inftrioribus
937 1793 1067 1838 vertit,
1081 1805 1168 1832 cum
1185 1791 1408 1832 Benediems
1423 1803 1559 1832 contra
1571 1795 1631 1832 ab·

361 1844 588 1896 Jblutiffimis,·
606 1845 646 1885 δι
661 1844 711 1885 fic
723 1845 894 1892 debebat,
907 1847 971 1899 qui
985 1847 1099 1884 ἐντελ.
1114 1846 1217 1898 legit,
1237 1847 1345 1899 quod
1358 1859 1428 1886 nec
1441 1859 1515 1899 ego
1527 1848 1564 1885 in
1575 1843 1630 1887 εὖ·

366 1910 454 1937 τελ.
471 1899 714 1938 mutaverim.
727 1898 790 1938 De
805 1900 849 1939 iis
863 1902 961 1939 enim
976 1900 1122 1938 artibus
1135 1900 1320 1951 loquitur,
1333 1912 1430 1953 quae
1445 1901 1517 1940 iam
1532 1899 1630 1940 sum·

366 1966 472 1992 mum
490 1953 733 2002 perfeetionis
744 1953 902 2005 gradum
917 1954 1121 2007 attigerint,
1134 1953 1225 1994 olim
1237 1963 1366 1994 autem
1380 1954 1490 1994 rudes
1504 1954 1546 1994 δι
1558 1955 1629 1994 im·

365 2005 557 2059 perfeetae
567 2018 686 2046 erant.
709 2007 849 2047 Rmz.

418 2064 493 2100 ead.
506 2062 529 2098 l.
549 2074 604 2100 12.
620 2060 679 2113 Ἡ)
694 2060 772 2099 πόα
785 2059 939 2100 scilicet.
957 2059 1115 2100 SOLAN.

418 2117 491 2155 ead.
503 2115 527 2154 l.
548 2129 604 2167 ¹3·
619 2114 775 2168 Ἐῤῥίφη)
796 2113 951 2165 Ἐῤῥίφθη
970 2114 1095 2154 Solan.
1112 2126 1332 2156 correxerat
1353 2129 1401 2155 ex
1419 2116 1461 2156 L.
1475 2116 1626 2156 addide-
1685 2167 1691 2170 ῃ

362 2178 500 2221 ratque
520 2166 795 2208 conferendum
819 2167 919 2208 Dial.
936 2169 1053 2208 Mort.
1069 2169 1127 2217 X,
1147 2169 1163 2219 §
1182 2184 1214 2208 2.
1238 2169 1311 2209 Sed
1327 2170 1401 2210 hoc
1421 2183 1557 2223 parum
1578 2170 1625 2211 ad

363 2235 445 2261 rem
461 2234 470 2261 :
487 2234 574 2261 nam
587 2221 661 2261 illic
673 2221 899 2274 ἀπεῤῥίφθων
913 2222 1026 2274 legas,
1041 2225 1147 2275 quod
1161 2222 1213 2262 est
1228 2225 1416 2276 praeterit.
1430 2224 1623 2277 imperati-

362 2276 418 2322 vi,
435 2275 536 2315 unde
555 2288 635 2315 non
647 2274 905 2328 consequitur,
929 2276 988 2316 hic
1000 2276 1139 2316 aoristo
1154 2276 1320 2317 secundo
1339 2291 1412 2331 pro
1426 2279 1552 2331 primo
1566 2277 1622 2318 uti

360 2341 443 2369 non
454 2329 579 2369 licere.
592 2328 671 2369 Nisi
683 2328 809 2369 forsan
825 2329 899 2370 hoc
909 2340 1058 2381 tempus
1069 2330 1243 2370 fefellerit
1257 2330 1394 2385 ipsum,
1406 2332 1622 2372 credentem

359 2395 410 2426 ex
430 2381 605 2436 analogia
627 2396 708 2423 aor.
722 2397 744 2422 2
765 2383 912 2436 ὲῤῥίπην
934 2384 1086 2424 habere.
1106 2385 1161 2424 At
1181 2398 1270 2425 cum
1286 2386 1406 2437 ῥίπτω
1423 2385 1466 2425 s1t
1486 2399 1508 2425 a
1531 2385 1622 2438 ῥίφω

361 2435 584 2483 formatum,
598 2436 686 2477 facit
698 2437 848 2489 ἐρᾗφην,
859 2438 896 2476 in
908 2437 1074 2490 particip.
1090 2439 1216 2492 ῥιφείς.
1241 2439 1396 2493 Quare,
1411 2439 1516 2494 quod
1529 2452 1624 2494 pro-

361 2488 454 2531 bum
466 2490 533 2543 est,
545 2503 626 2534 non
639 2489 893 2534 sollicitemus.
915 2491 1062 2536 Rurz.
