1730 3326
373 213 470 268 ηπ
568 206 1448 256 ANNOTATIONES

375 302 468 332 turo
480 295 693 346 propellere
706 325 718 344 ‚
732 296 886 336 exituro
899 296 1085 337 adducere
1099 297 1243 338 neceffe
1254 296 1357 337 effet.
1375 296 1501 350 Quod
1517 305 1646 339 tamer!

375 345 436 406 liic
461 345 715 400 supponitur,
740 361 829 389 cum
841 379 852 398 ‚
879 363 982 404 pone
1006 351 1159 390 ianuam
1173 352 1210 390 in
1225 350 1372 404 templo
1386 349 1529 390 latuifl'e
1544 351 1646 392 hunc

376 412 557 440 iuvenem
571 431 583 448 ,
602 402 714 454 supra
729 403 869 443 distum
887 403 941 442 sit.
967 403 1127 444 SOLAN.

430 455 503 492 ead.
522 455 546 494 l.
564 469 595 508 5.
609 454 654 494 Ἢ
665 452 804 510 ἄλλος)
821 457 885 496 An
900 454 1035 496 ἢέίλλα,
1049 456 1238 510 quaesivit
1253 456 1440 497 Solanus?
1464 457 1536 498 Sed
1550 456 1646 498 nihil

376 505 429 546 est
445 520 556 560 opus.
582 508 646 548 An
668 508 770 563 supr.
793 522 826 550 c.
845 523 860 561 5
879 524 936 564 pr.
958 512 1079 551 ἄλλον
1093 524 1165 564 pro
1181 511 1268 550 ἀλλ’
1281 506 1321 550 οὖ
1348 511 1494 565 legend.
1507 510 1650 565 disquiq

375 574 455 600 ram
470 563 507 599 in
521 562 724 603 Addendis.
747 564 895 604 Rex-rz.

430 615 509 654 ibid.
521 614 761 670 Διηγοῦμοιι)
786 619 823 658 Si
838 618 966 670 plures
981 617 1104 658 Codd.
1122 617 1351 666 addicerent,
1367 617 1577 672 arriperem
1591 617 1648 657 le·-

377 667 545 707 &ionem
562 682 679 722 marg.
702 672 753 710 A.
772 686 804 711 1.
824 672 1023 726 ὃιηγῶμοιι
1039 671 1324 711 subiunfflvum
1342 672 1566 711 exhibentis.
1585 670 1649 712 Sic

378 721 489 774 supra
501 721 589 762 Pisc.
603 736 635 763 c.
657 724 720 776 38,
736 725 777 764 τί
789 725 972 776 ποιῶμεν;
998 736 1040 765 ut
1055 726 1156 764 enim
1171 727 1207 763 τί
1221 726 1490 779 interrogantis
1508 725 1651 765 indica-

379 776 465 815 tivo
480 777 674 830 iungatur,
688 780 725 816 τί
737 779 979 819 deliberantis
991 791 1110 833 optat.
1126 779 1167 818 &
1181 778 1274 819 subi.
1285 781 1417 832 potius
1430 779 1583 832 gaudet,
1605 789 1652 818 ut

375 829 466 868 ibid.
481 844 513 870 c.
527 845 588 882 37,
605 831 733 883 τίγόις
746 831 790 871 ἂν
802 832 918 873 εἰπεῖν
934 832 1074 886 ἔχοιμι.
1102 833 1166 873 De
1180 833 1302 872 Merc.
1318 832 1444 872 Cond.
1459 846 1516 886 pr.
1531 832 1572 871 τί
1588 847 1651 872 σοι

377 883 542 935 πρῶτον,
554 885 571 924 ii
583 887 623 923 τί
636 881 804 925 ὕστατον
820 888 1024 938 καταλέξω
1036 901 1047 935 ;
1061 887 1157 926 Aor.
1171 887 1271 927 enim
1286 886 1380 926 subi.
1398 888 1450 926 ibi
1461 886 1525 926 est.
1540 886 1586 926 Et
1598 885 1652 926 sic

378 936 473 986 fere,
486 939 641 991 quando
659 939 909 994 interrogatio
925 941 1104 993 implicite
1117 951 1245 994 negat,
1255 951 1317 980 ut:
1334 956 1394 980 cur
1406 941 1618 990 hocfizcerem
1631 942 1652 978 Ρ

381 1005 454 1043 pro
469 992 569 1045 caufiz
581 993 675 1030 nulla
687 995 730 1046 eft
741 1024 752 1040 ,
764 1009 867 1047 quare
877 995 914 1034 id
919 994 1051 1046 fizciam
1064 1025 1076 1041 ,
1092 995 1114 1033 ἰ.
1127 1007 1160 1034 e.
1176 993 1395 1045 nonfitciam.
1416 994 1539 1034 Deor.
1550 993 1655 1035 Dial-

379 1045 452 1093 IV,
469 1058 515 1094 4,
537 1046 576 1085 τί
587 1045 631 1085 «Γὲ
647 1042 729 1098 ὑμῖν
744 1046 931 1101 χρήσιμος
942 1048 1197 1103 ἂνγενοίμην;
1218 1047 1286 1088 etsi
1302 1048 1534 1088 indicativus
1553 1060 1655 1101 quo-

382 1113 460 1151 que
473 1100 660 1139 interdum
676 1100 806 1142 locum
824 1102 936 1142 habet
951 1104 989 1141 in
1004 1102 1202 1149 similibus,
1215 1114 1258 1142 ut
1272 1102 1359 1141 ibid.
1372 1115 1456 1155 cap.
1477 1116 1511 1154 5,
1522 1103 1559 1141 τὶ
1570 1101 1658 1154 ’γάρ

383 1168 428 1192 σε
445 1176 490 1183 -
505 1151 618 1194 ὀνήσει
632 1157 675 1193 τὸ
694 1156 837 1196 κάλλος
848 1171 861 1205 ;
884 1168 1012 1196 tamen
1024 1169 1158 1196 revera
1172 1157 1224 1196 ibi
1246 1155 1300 1196 est
1316 1156 1591 1209 interrogatio,
1605 1154 1655 1195 ad

383 1220 499 1258 quam
515 1207 731 1261 responsum
747 1223 840 1249 mox
854 1210 1037 1262 sequitur,
1049 1210 1224 1263 adeoque
1234 1210 1351 1264 paulo
1363 1211 1434 1249 alia
1449 1222 1521 1259 res,
1535 1221 1654 1263 quam

383 1261 423 1299 in
441 1262 515 1301 hoc
531 1260 754 1314 Σιηγοῦμοιι.
768 1263 832 1303 De
844 1264 1053 1304 Saltatione
1066 1277 1162 1304 vero
1177 1264 1192 1314 §
1209 1278 1269 1315 17,
1287 1265 1351 1304 καὶ
1365 1264 1404 1302 τί
1415 1279 1470 1303 σοι
1487 1257 1658 1302 τοὺς”Ἐλ-

380 1327 498 1355 muas
513 1316 637 1368 λέγω
654 1317 767 1364 τεᾶὶε,
783 1317 842 1357 sed
856 1317 982 1358 rursus
995 1319 1112 1370 paulo
1123 1318 1245 1364 aliter,
1261 1331 1377 1370 quam
1393 1318 1451 1359 hic
1465 1333 1473 1357 ε
1487 1318 1539 1372 ibi
1550 1318 1653 1357 enim

380 1382 423 1408 re
440 1382 532 1409 vera
549 1370 725 1411 Graecos
741 1373 814 1411 iam
828 1384 1086 1412 enarraverat.
1113 1373 1165 1414 At
1178 1384 1257 1410 non
1277 1371 1464 1420 tantiest,
1488 1382 1531 1411 ut
1543 1372 1654 1425 plura

381 1424 572 1477 colligam.
591 1424 690 1464 Nam
707 1425 918 1479 διηγοῦμαι
931 1425 1108 1466 vitiosum
1124 1438 1202 1464 non
1217 1425 1283 1465 est.
1309 1426 1457 1466 RnTz.

436 1478 526 1532 Pag.
542 1476 662 1528 276.l.
678 1494 709 1518 1.
734 1481 802 1519 Καὶ
819 1480 903 1532 νῦν)
928 1481 1036 1520 Haec
1051 1480 1184 1519 omnia
1207 1490 1275 1519 aut
1299 1479 1426 1519 inscite
1439 1479 1651 1519 admodum

380 1530 545 1585 scripta,
569 1542 635 1570 aut
654 1546 675 1572 a
691 1534 847 1573 librariis
870 1533 981 1574 foede
994 1545 1190 1587 corrupta.
1218 1534 1303 1587 Ego
1323 1534 1362 1573 in
1375 1532 1529 1587 δεῖγμα
1545 1545 1658 1574 men-

382 1587 474 1625 dum
491 1587 608 1625 latere
622 1599 730 1639 puto.
755 1588 915 1628 SOLAN.

436 1643 508 1679 ead.
526 1643 549 1680 l.
567 1655 600 1679 2.
618 1641 816 1696 Ἐναργῆς)
839 1641 1003 1694 Corrige
1024 1639 1190 1695 ἐναργές.
1210 1641 1381 1683 (ΞυΥετ.
1403 1640 1657 1682 Scribendum

382 1706 470 1733 cum
494 1695 799 1747 antiquioribus,
825 1696 889 1735 mi
909 1696 966 1736 νῦν
983 1695 1028 1735 Σὲ
1044 1695 1109 1736 τῆς
1124 1692 1195 1734 ὑπὸ
1212 1695 1279 1735 σοῦ
1295 1697 1518 1748 ζηλουμένης
1531 1695 1654 1746 Ἀφρο-

382 1748 492 1787 δίτης
508 1749 658 1801 ἐναργές
672 1750 751 1790 ἐστι
765 1748 875 1789 τοῦτο
887 1749 1054 1803 δεῖγμα,
1067 1762 1147 1789 non
1161 1749 1328 1803 ἐναργὴς,
1338 1761 1381 1789 ut
1389 1749 1574 1790 vitiarunt
1589 1762 1659 1802 po-

383 1802 571 1842 steriores.
586 1804 680 1843 Vox<
697 1805 790 1843 haec
806 1804 956 1856 ἐναργὲς
973 1804 1032 1843 hic
1046 1804 1254 1843 commode
1267 1804 1385 1843 eriam
1400 1803 1592 1844 afferenda
1605 1802 1660 1843 est

383 1857 610 1897 Herodiano
624 1887 635 1906 ,
652 1859 754 1910 apud
768 1871 883 1910 quem
902 1858 964 1897 lib.
978 1858 1020 1904 1,
1042 1869 1126 1909 cap.
1143 1871 1157 1896 1
1171 1872 1206 1903 1,
1219 1858 1258 1896 in
1274 1857 1498 1911 digressione
1513 1858 1559 1897 de
1574 1856 1660 1897 Dea

383 1910 632 1958 Pessinuntia,
653 1913 716 1952 ubi
741 1925 830 1951 cum
842 1923 1037 1951 narratum
1063 1910 1168 1958 effer,
1189 1912 1514 1964 quemadmodum
1534 1913 1658 1958 navis,

382 1978 460 2018 qua
473 1963 558 2004 Dea
572 1963 686 2005 fuerit
702 1965 829 2013 vesta,
846 1967 883 2005 in
897 1967 1030 2006 Tiberi
1045 1978 1157 2005 amne
1169 1965 1438 2006 adhaerescens
1452 1979 1474 2005 a
1490 1965 1568 2006 sola
1580 1966 1661 2004 vir-

383 2019 473 2085 gine
482 2018 628 2059 Vestali
640 2020 845 2080 (Claudia)
853 2020 976 2060 soluta
991 2019 1275 2074 pertraheretur
1285 2019 1456 2059 Romam
1467 2051 1479 2067 ‚
1494 2020 1661 2065 additur,

384 2071 479 2123 ομοῦ
493 2073 538 2112 ἑὲ
559 2075 602 2112 τὸ
627 2074 739 2127 ἐνειργ
747 2075 782 2113 ἐς
795 2089 862 2115 της
878 2073 964 2114 3εοῦ
977 2106 988 2123 ,
1016 2075 1080 2114 καὶ
1099 2075 1141 2112 τὺ
1163 2077 1291 2123 σεμνὴν
1303 2072 1368 2114 τῆς
1382 2073 1560 2126 Παρθένου
1579 2073 1661 2113 Ῥω-

383 2127 490 2177 μαῖοι
505 2127 738 2178 ὲθαιύμαισαιν.
752 2129 852 2168 Tan.
862 2128 983 2168 Faber
995 2129 1034 2167 in
1047 2127 1203 2179 epistola
1214 2126 1437 2168 noviffimae
1447 2127 1659 2168 Herodiani

386 2181 443 2220 ed.
458 2181 625 2233 praefixa
639 2183 795 2234 reponit
809 2184 966 2235 {rep-765·
984 2192 1022 2221 at
1036 2181 1181 2222 frustra.
1196 2181 1541 2234 Quemadmodum
1556 2181 1661 2234 apud

386 2235 599 2274 Lucianum
614 2236 766 2290 ἐναργὲς
782 2236 936 2289 δεῖγμα
952 2236 1005 2276 est
1008 2238 1146 2288 fignum
1157 2235 1367 2289 nwniftstum
1379 2267 1390 2284 ‚
1406 2236 1455 2275 ita
1469 2235 1569 2288 apud
1583 2235 1663 2275 He-

387 2290 589 2328 rodianum
606 2293 647 2327 ‘rb
661 2290 812 2345 ἐναργὲς
822 2291 888 2331 τῆς
905 2289 991 2330 θεοῦ
1004 2289 1056 2330 est
1066 2289 1172 2343 quasl
1188 2289 1422 2329 manifestum
1435 2289 1545 2329 Deae
1554 2287 1665 2329 Peffi-

390 2344 546 2383 nuntiae
569 2357 736 2390 numen,
759 2357 861 2397 quae
878 2344 1048 2396 precanti
1072 2344 1259 2384 Claudiae
1277 2344 1475 2392 annuerit,
1501 2342 1542 2383 &
1559 2342 1665 2396 sequi

387 2409 522 2449 rogata
535 2427 545 2445 ‚
562 2396 688 2438 secuta
704 2398 759 2437 sit.
781 2397 947 2437 Historia
961 2398 1016 2438 est
1037 2399 1149 2437 etiam
1164 2411 1212 2437 ex
1226 2398 1338 2437 Livio
1357 2398 1397 2438 δι
1411 2396 1601 2437 Suetonio
1623 2397 1664 2437 in

388 2451 549 2491 Tiberio
567 2463 670 2491 nota.
691 2452 754 2492 Sic
770 2452 815 2491 de
836 2451 928 2492 Deo
942 2452 1127 2504 Glycone
1142 2452 1286 2491 dixerat
1302 2452 1415 2491 etiam
1439 2450 1552 2505 supra
1564 2463 1596 2490 c.
1616 2463 1658 2503 ¹3

388 2503 670 2547 Pseudomantis
681 2535 697 2555 ,
726 2506 926 2549 civitatem
949 2516 1194 2561 accepturam
1220 2505 1294 2548 effe
1319 2504 1456 2561 ἐναργῆ
1478 2508 1542 2549 τὸν
1566 2503 1665 2546 θεόν.
