1730 3326
268 201 344 252 'IN
377 202 706 252 PHALARIN
740 203 1044 251 PRIOREM.
1198 199 1290 267 383¹

18 295 206 339 mostheni
219 295 463 348 intelligatur,
483 293 569 332 inde
582 291 671 332 nihil
691 291 919 340 conficitur;
932 291 993 332 sed
1009 291 1231 332 Latinorum
1249 294 1292 333 <Sc

19 350 276 405 posteriorum
291 348 534 388 Graecorum
547 346 776 398 scriptorum
791 346 941 384 Perillus
950 359 996 384 ex
1010 347 1186 397 Περίλαος
1198 359 1291 386 con-

20 404 184 444 traemm
205 402 326 442 videri
350 400 480 454 poflet.
499 401 627 439 Immo
647 400 692 438 ad
714 412 829 452 quam
853 398 1126 438 Demosthenis
1146 400 1292 439 oratio-

17 470 108 498 nem
124 468 196 509 pro
207 455 471 508 Ctesiphonte,
486 455 511 493 i.
529 466 561 493 e.
575 455 614 492 de
627 467 762 499 corona,
773 463 989 505 provocant
1001 451 1132 492 Suidas
1143 453 1180 491 δι
1192 454 1294 492 Har-

20 520 168 565 pocrat.
187 521 269 548 eam
285 508 464 562 pervolvi
476 537 488 554 ‚
501 520 571 546 nec
583 518 709 545 tamen
724 506 917 557 Περίλλου,
930 504 990 544 sed
1007 506 1191 556 Περιλάου
1209 507 1294 545 ubi-

18 577 96 617 que
116 563 348 602 mentionem
366 561 413 601 ab
436 573 486 601 eo
503 559 587 600 fieri
604 560 798 612 cognovi,
816 560 868 599 ita
888 570 930 598 ut
955 558 1154 612 utriustlue
1176 559 1295 599 lectio

20 617 113 658 mihi
128 617 202 655 iam
215 615 259 655 sit
273 614 450 667 suspee‘ta.
463 615 561 653 Nam
576 613 617 652 &
629 613 793 653 eiusdem
814 613 945 651 Per-ilai
957 613 1130 652 meminit
1146 612 1296 652 Demo-

22 671 139 712 sthen.
153 669 414 722 compluribus
426 668 505 707 aliis
525 667 643 714 locis,
658 667 725 719 qui
740 666 794 706 est
806 665 1087 718 Megarensium
1102 667 1294 719 proditor,

21 737 93 765 nec
104 723 310 776 quidquam
333 735 423 761 cum
440 722 517 760 hoc
533 722 634 760 tauri
648 719 758 760 fabro
774 733 985 760 commune
1008 720 1131 759 habet.
1150 720 1297 760 Plutar-

21 778 118 818 chus
131 789 228 816 vero
242 777 287 816 de
299 775 461 815 Fortun.
480 775 598 815 Rom.
611 787 696 827 pag.
716 788 764 813 m.
781 789 799 826 3
812 787 852 827 ¹5
868 774 913 814 C.
934 775 1108 826 Πέριλλος
1118 773 1162 814 Σὲ
1174 776 1298 827 τέχνῃ

22 833 271 885 χαλκουργος
284 830 413 868 habet.
427 829 484 868 Ita
499 839 541 868 ut
558 828 760 869 verifimile
774 828 838 877 sit,
858 829 1036 880 Πέριλλος
1051 828 1096 868 ad
1116 828 1299 868 Latinum

22 885 165 925 idioma
187 883 476 923 conformatum
496 881 593 929 effe,
608 882 699 922 dum
719 882 896 934 Περίλαος
919 882 1128 935 genuinum
1152 894 1298 922 nomen

23 937 219 980 Graecum
235 937 300 976 est.
318 937 461 976 Rmz.

74 992 166 1043 Pag.
184 1004 242 1042 51.
260 991 283 1029 l.
295 990 332 1030 8.
346 991 414 1030 Καὶ
429 989 599 1041 ἀνοίξας)
616 989 779 1042 Legend.
794 989 949 1040 interpr.
961 988 1058 1028 Pers.
1074 989 1250 1029 Bounn.

77 1047 151 1085 ead.
167 1045 190 1084 l.
209 1059 224 1084 1
239 1058 267 1084 1.
279 1044 546 1097 Πρω-τιθέναι)
561 1044 658 1083 Ἀντὶ
676 1040 742 1082 τοῦ
759 1043 957 1094 προστίθει.
977 1043 1099 1083 Attic.
1117 1044 1298 1085 BOURD.

21 1098 262 1151 Προστιθένοιι
283 1121 328 1128 -
345 1097 420 1149 πῦρ
438 1097 483 1137 Σὲ
504 1092 695 1137 ὑποκαίειν
712 1094 896 1149 κελεύειν)
920 1096 1046 1148 Quod
1066 1098 1120 1135 Fl.
1138 1111 1298 1151 quoque

23 1153 166 1193 habere
180 1152 267 1192 dicit
284 1151 468 1197 Solanus,
483 1150 522 1190 id
538 1151 681 1190 habent
697 1150 738 1189 &
755 1150 869 1197 aliae,
883 1150 922 1189 δι
943 1150 1067 1198 τεξὶε;
1081 1150 1301 1192 infinitivus

23 1207 125 1247 enim
139 1207 192 1245 est
204 1218 277 1259 pro
294 1206 547 1258 imperativo;
560 1206 736 1257 exempla
754 1203 839 1243 sunt
860 1205 990 1244 obvia.
1003 1205 1123 1245 Hom.
1137 1206 1237 1246 Iliad.
1253 1212 1275 1246 E
1287 1237 1301 1256 ‚

26 1260 123 1306 261,
137 1283 181 1289 —
197 1260 241 1300 σὺ
261 1259 307 1298 s}
324 1282 368 1290 —
392 1255 511 1298 Αὐτοῦ
531 1259 748 1315 {purtensem
774 1271 811 1297 tu
837 1273 916 1298 vero
936 1259 982 1297 ihi
999 1260 1123 1298 colu'he.
1144 1261 1303 1314 Hippo-

25 1324 120 1355 crat.
132 1314 234 1367 Aph.
251 1327 309 1361 ιο,
321 1312 357 1352 S.
371 1314 402 1360 I,
415 1312 602 1352 Ὁκὸο-οισι
612 1312 680 1363 μὲν
692 1314 748 1352 οὑν
762 1310 906 1351 αὐτίκα
921 1309 939 1353 ἦ
953 1312 1074 1362 ἀκμὴ,
1086 1309 1226 1353 adriam
1238 1327 1304 1354 λε-

25 1367 135 1409 πτῶς
147 1366 320 1417 scotera-gv·
333 1367 375 1407 δι
391 1367 480 1406 ibid.
497 1367 634 1406 iterum
649 1397 660 1413 ‚
677 1367 744 1405 ubi
762 1376 889 1406 tamen
901 1365 1180 1407 seicommode
1191 1369 1301 1408 intel-

24 1421 165 1474 ligitur.
180 1422 290 1461 Adde
304 1421 453 1474 Aphor.
470 1435 538 1473 19,
554 1433 604 1459 20
615 1452 626 1468 ‚
643 1421 684 1460 δι
697 1420 797 1459 alibi.
812 1420 860 1459 Et
873 1432 916 1460 ut
927 1421 963 1459 in
978 1421 1043 1459 illo
1060 1422 1221 1461 Homeri
1234 1423 1305 1473 μέ-

25 1490 144 1527 μνησο
160 1475 368 1527 intelligere
382 1487 520 1527 queas,
540 1475 590 1513 ita
603 1474 692 1513 alibi
706 1473 843 1513 κελεύω
855 1473 1031 1514 omiffum
1046 1474 1210 1516 statuere
1228 1489 1302 1528 pro

21 1529 152 1571 lubitu
165 1529 363 1570 licet.Vid.
377 1528 501 1568 fratris
512 1528 563 1569 G.
575 1527 626 1567 O.
640 1528 779 1567 Reitzii
791 1528 896 1579 Belg.
910 1528 1094 1568 Graeciff.
1108 1542 1195 1582 pag.
1211 1530 1303 1583 386,

25 1583 93 1636 qui
109 1584 219 1637 plura
233 1582 430 1634 congeffit‚
442 1583 543 1622 unde
553 1593 674 1634 aeque
685 1592 801 1634 atque
810 1595 858 1621 ex
869 1581 926 1621 his
938 1582 1187 1634 Hippocratis
1199 1594 1303 1635 pate-

26 1637 96 1685 bit,
108 1650 188 1676 non
199 1636 286 1676 solis
297 1637 436 1676 Atticis
446 1635 632 1675 familiare
644 1634 718 1674 effe
729 1636 806 1675 hoc
817 1635 999 1687 loquendi
1011 1649 1140 1689 genus.
1153 1638 1303 1680 RmZ.

80 1691 161 1730 ibid.
177 1691 264 1730 Τοὺς
275 1686 412 1730 αὐλοὺς
425 1689 588 1742 τοίω-ἓξ)
602 1689 661 1729 Sic
674 1689 797 1742 Long.
809 1688 902 1728 Past.
919 1704 941 1728 2
953 1721 964 1736 ‚
980 1704 1016 1743 p.
1030 1692 1093 1740 67,
1104 1692 1304 1742 μέμνησαι

27 1742 94 1785 τοῦ
105 1744 238 1784 ‹resiov
252 1743 386 1792 τοῦέε,
404 1743 470 1783 καὶ
490 1743 562 1783 τῶν
583 1744 750 1794 Νυμφῶν
770 1742 900 1782 τῶνῶε.
923 1743 1071 1784 Similes
1090 1746 1243 1785 articuli
1259 1748 1302 1787 8:

1 1819 4 1841 e
28 1800 305 1852 pronominum
322 1799 566 1850 repetitiones
580 1798 656 1838 vid.
672 1797 774 1850 supr.
788 1798 834 1836 ad
850 1797 952 1836 Dial.
966 1798 1067 1838 Mar.
1081 1799 1160 1846 ΙΙΙ,
1175 1800 1191 1850 §
1207 1814 1239 1839 2.
1252 1800 1304 1840 Et

29 1853 126 1895 iVer.
144 1852 239 1892 Hist.
253 1853 269 1891 Ι
284 1866 340 1904 pr.
354 1853 402 1892 Et
414 1852 503 1891 alibi
518 1865 599 1891 non
612 1851 737 1891 semel.
751 1851 898 1890 REsz.

54 1918 65 1920 “’
84 1910 158 1946 ead.
177 1908 199 1947 l.
215 1908 273 1946 16.
283 1906 346 1946 Ὡς
358 1909 420 1946 τὸν
438 1906 506 1957 μὲν
520 1906 775 1957 κολάζεσθαι,
791 1906 833 1944 σὲ
855 1905 901 1944 δὲ
921 1906 1135 1957 τέρπεσῧοιι
1147 1908 1305 1957 μεταξὺ

6 1993 7 1997 ,
30 1959 329 2014 καταλυόμενον)
342 1961 451 2000 Haec
465 1960 598 1999 ultima
614 1973 698 1999 vox
710 1960 747 1998 in
762 1960 902 1999 mendo
912 1960 1040 2000 cubat.
1055 1960 1146 2001 Siler
1156 1963 1202 2001 ad
1216 1975 1304 2003 eam

30 2014 236 2068 interpres,
252 2028 322 2054 nec
342 2014 580 2061 emendavit,
604 2015 672 2052 vix
691 2015 904 2066 exprimere
924 2016 1097 2053 tentavit.
1119 2018 1306 2056 Καταλέω

8 2100 9 2106 ,
31 2068 88 2110 est
101 2069 223 2117 molo,
237 2069 340 2108 mola
352 2067 504 2121 frango,
519 2069 588 2121 qui
601 2067 830 2121 significatus
846 2081 926 2107 non
940 2070 1128 2108 convenit
1142 2070 1232 2109 huic
1246 2070 1307 2110 lo-

31 2136 92 2164 co.
125 2123 227 2175 Lege
247 2136 336 2162 meo
358 2123 529 2174 periculo
554 2122 890 2173 κατακηλούμενον,
909 2122 944 2162 id
966 2122 1041 2172 est,
1070 2123 1307 2174 delenitum,

30 2175 137 2219 sensu
157 2176 356 2216 manifesto
371 2176 413 2216 δι
424 2189 529 2230 apto.
543 2176 676 2215 PALM.

40 2257 45 2263 -
87 2235 162 2270 ead.
178 2231 200 2269 l.
220 2245 277 2281 17.
292 2230 625 2283 Κατειυλούμενον)
640 2231 714 2269 Hic
728 2243 827 2270 vero
842 2230 970 2270 mirari
991 2229 1088 2271 subit
1106 2232 1305 2272 eruditiffi-

36 2284 89 2327 mi
98 2285 170 2324 viri
180 2286 416 2328 caecitatem.
432 2286 495 2325 cui
506 2296 582 2324 tam
595 2287 759 2337 turpiter
773 2297 892 2337 prava
906 2285 1018 2325 unius
1030 2287 1206 2326 editionis
1218 2286 1306 2326 scri·-

35 2350 148 2394 ptura
160 2338 362 2393 imposuit,
377 2352 502 2390 neque
516 2340 617 2392 apud
636 2340 878 2390 interpretem
899 2338 1122 2379 observavit
1135 2341 1219 2379 inter
1230 2357 1304 2380 mo-

36 2394 222 2434 dulandum
239 2422 250 2441 ‚
275 2393 382 2446 quod
402 2394 448 2432 ad
472 2406 603 2432 veram
629 2406 743 2432 manu
767 2393 872 2445 quafi
895 2393 1071 2434 ducebat.
1098 2394 1156 2434 Eo
1184 2396 1307 2446 magis

35 2448 167 2496 etiam,
176 2447 281 2500 quod
293 2447 379 2486 Par.
392 2448 448 2486 ed.
462 2460 562 2500 quae
575 2448 674 2486 refle
686 2447 811 2491 habet,
828 2446 1028 2500 inspexiffe
1040 2448 1201 2494 videtur,
1214 2461 1305 2488 cum

36 2500 217 2557 paginam
233 2499 437 2552 adscribat,
452 2514 492 2542 m
509 2514 587 2555 qua
607 2501 803 2546 invenitur
820 2501 882 2544 hic
900 2502 1183 2545 locus.1terum
1201 2501 1309 2554 usurg
