1730 3326
214 209 1105 265 INLEXIPHANEM
1192 229 1288 285 &5

18 305 85 356 τά,
103 303 171 347 ubi
185 306 231 346 de
246 304 476 358 Empedocle
490 303 684 343 einen-icio.
697 302 871 341 Romu).
883 301 1103 355 Ἐ’γκρυφίας
1123 305 1289 356 probum

22 361 88 402 est.
101 359 182 413 Ipse
193 359 332 399 Noster
345 359 431 397 alibi
448 358 564 396 utitur
576 356 677 396 Dial.
692 356 796 394 Men.
819 354 859 394 &
872 355 934 394 Αἰ.
950 355 1012 394 seu
1028 361 1067 396 N.
1083 364 1127 397 Δ.
1139 360 1223 399 ΧΧ.
1241 360 1289 399 Et

25 415 213 467 Hippocr.
226 413 319 465 Pop.
339 410 576 458 Morb.v11,
591 409 683 449 teste
698 407 860 448 Casaub.
875 410 920 447 ad
935 409 1074 450 Athen.
1092 425 1175 465 pag.
1190 427 1290 467 209,

29 468 76 522 58
87 496 98 515 ,
114 467 213 520 apud
228 479 343 519 quem
357 465 484 504 itidem
499 463 616 503 exstat
633 476 647 501 1
661 475 706 500 10
722 462 772 501 A.
786 462 943 501 SOLAN.

79 521 156 559 ibid.
176 519 327 572 Γίιτεια)
341 517 499 570 Κρόμυα.
511 518 622 556 Hanc
637 515 840 554 difflonem
856 516 959 554 varie
970 515 1220 557 Grammatici
1236 518 1293 558 ef-

22 572 150 615 ferunt
160 603 171 619 ,
186 571 326 625 γήτεα,
336 570 458 623 ’γήθυα
468 601 479 619 ,
490 569 640 623 «γήτεια.
662 567 724 608 De
737 568 878 620 quibus
893 568 979 608 Hes.
998 570 1102 610 Suid.
1116 572 1292 612 Eoum).

80 627 157 666 ibid.
180 626 249 665 Καὶ
268 625 417 677 φύκας)
436 625 652 675 Legendum
671 622 833 673 φύσκας.
858 622 1028 674 Hesych.
1049 624 1175 676 φύσκη
1188 656 1199 674 ,
1215 641 1294 667 κοι-

25 682 91 722 λία
103 710 113 728 ,
129 680 192 719 καὶ
207 684 250 719 τ“ο
266 678 388 731 παχὺ
404 679 547 729 ἔντερον.
560 677 731 717 GUYET.

82 736 155 774 ead.
174 735 197 772 l.
210 735 246 774 6.
262 729 401 784 Οἶβον)
417 735 463 770 Τὸ
479 731 753 787 ἑπιτραχηρον,
766 730 808 767 τὸ
821 727 893 787 ἐπὶ
911 728 978 768 τοῦ
988 728 1187 783 τραχήλου
1199 764 1209 781 ,
1222 731 1292 773 τοῦ

28 786 110 835 βοδς
124 788 339 826 κάλλιστον.
355 785 449 825 Poll.
465 785 636 824 BOURD.
655 784 767 829 Οῐβος
779 797 843 822 του
857 782 1054 836 τραχήλου
1073 784 1139 824 τοῦ
1152 787 1231 831 βοὸς
1246 791 1292 827 τὸ

29 842 242 882 κάλλιστον.
255 840 404 880 Pollux.
419 839 588 879 GUYET.

84 895 165 934 ibid.
179 891 389 948 Awyo'evtov)
409 892 473 931 An
495 892 693 946 λαγώνιον,
714 889 779 930 seu
801 889 1023 944 λαγώνειονς
1036 890 1203 945 Hesych.
1220 906 1295 934 Λα-

26 949 189 1004 γάνει-ια,
211 945 337 1001 λαγοῦ
361 947 462 999 κρέα.
482 945 650 986 Gom.
671 945 773 997 Lege
796 945 1016 996 λα’γώνειον,
1042 947 1064 984 i.
1091 960 1123 986 e.
1146 960 1227 999 λαγ
1237 949 1293 997 ᾦα

33 1004 131 1056 κρέα.
147 1004 312 1041 VoRST.
335 1000 572 1051 Hesychius,
591 1000 775 1052 λωγάνιον
789 998 859 1038 τῶν
869 997 957 1043 βοῶν
969 1002 1011 1037 τὶ)
1027 995 1097 1039 ὑπὸ
1119 1003 1181 1040 τὸν
1203 1002 1295 1053 ‘spb-

31 1068 154 1110 χηλον
168 1056 382 1109 χάλασμα.
404 1054 554 1103 Suidas‚
576 1054 767 1106 Awyo‘e'iof,
785 1052 899 1103 ’ὄνομα
920 1053 1048 1105 κύριον,
1064 1053 1232 1105 σημαίνει
1247 1054 1294 1096 ἑὲ

32 1110 97 1149 καὶ
112 1112 155 1149 τὸ
168 1108 310 1150 στῆθος.
327 1108 452 1149 GESN.

86 1165 160 1203 ead.
174 1165 197 1202 l.
211 1177 248 1213 7.
266 1161 446 1216 Φώκτας)
460 1161 497 1200 Α
512 1160 647 1212 φώγω,
663 1159 687 1198 ἰ.
700 1172 733 1200 e.
746 1158 896 1212 φρύγω,
911 1159 974 1200 seu
991 1160 1110 1212 φώζω.
1126 1161 1295 1205 GUYE'R

86 1221 159 1257 ead.
173 1217 196 1256 l.
213 1217 248 1257 8.
259 1212 420 1263 Ἀβατον
432 1213 627 1268 ἐποίησας)
636 1208 795 1259 ’Άβατος
806 1226 852 1253 ex
864 1226 912 1253 eo
924 1227 1064 1266 genere
1075 1215 1140 1260 est,
1153 1229 1199 1255 ex
1213 1231 1295 1270 quo

34 1267 232 1326 ἄχρηστος
251 1270 292 1309 δι
306 1270 495 1322 ἀφόρητος,
508 1282 594 1308 cum
616 1268 692 1307 hoc
708 1280 785 1307 non
807 1268 1059 1314 intolerabilem,
1075 1268 1134 1309 sed
1147 1275 1296 1311 nondum

33 1327 194 1379 gestatum
203 1353 218 1370 ‚
238 1323 332 1363 illud
352 1336 430 1363 non
450 1323 598 1362 inutilem
612 1352 623 1367 ‚
639 1321 699 1360 sed
720 1324 865 1361 nondum
881 1323 1079 1374 usurpatum
1100 1323 1297 1376 fignificat.

34 1379 92 1420 Ita
107 1391 243 1431 nempe
255 1376 402 1423 ἄβατος
415 1377 499 1417 {sos
513 1389 591 1416 non
604 1375 781 1428 inaccffz,
796 1374 857 1415 sed
870 1392 969 1429 quam
984 1393 1051 1417 non
1063 1393 1146 1430 opus
1153 1378 1296 1430 fuitfa.

35 1448 114 1473 cere.
130 1432 193 1472 De
205 1432 397 1485 prioribus
409 1430 559 1471 duobus
574 1428 826 1469 Casaubonus
842 1432 887 1468 ad
899 1431 1041 1470 Athen.
1060 1431 1132 1480 ΙΙΙ,
1149 1432 1204 1473 18.
1218 1433 1296 1473 Ce..

35 1497 160 1527 terum
176 1485 327 1526 videtur
343 1486 545 1524 Atticionem
565 1483 686 1523 studio
701 1483 854 1523 vocasse
874 1485 977 1524 hunc
996 1484 1146 1526 servum
1162 1486 1298 1526 Lucia-

37 1553 112 1581 nus
122 1570 136 1587 ,
149 1551 193 1580 ut
206 1538 407 1579 absurdam
420 1537 607 1579 Atticismi
620 1535 901 1577 affeflationem
923 1549 1095 1588 notaret,
1108 1553 1151 1580 ac
1164 1540 1300 1582 deinde

41 1594 294 1634 Onomacn'tum
307 1623 316 1640 ,
333 1606 377 1633 ac
392 1591 522 1646 postea
538 1592 811 1638 onomarchum,
822 1591 928 1645 quafi
943 1604 983 1632 tu
997 1593 1157 1640 iudicem,
1169 1595 1296 1648 princi-

34 1663 150 1703 pemve
170 1647 374 1688 nominum
395 1647 517 1687 dicas:
543 1645 592 1686 fic
611 1645 853 1692 Hellanicum,
869 1657 912 1686 ut
936 1659 1163 1700 germanum
1190 1650 1299 1693 Grae->

37 1717 123 1743 cum.
140 1701 275 1755 GEsNg

93 1759 164 1795 ead.
178 1758 202 1795 l.
212 1770 249 1809 9.
262 1754 304 1793 'H
317 1753 356 1794 θ’
366 1753 422 1808 ὃς)
433 1753 520 1795 Vid.
535 1752 652 1807 paulo
665 1752 776 1807 supra
791 1753 835 1793 ad
850 1767 905 1807 pr.
919 1767 951 1795 c.
967 1769 1000 1795 2.
1015 1755 1157 1796 REn‘z.

93 1810 171 1850 ibid.
195 1808 348 1862 Σίλλος)
371 1808 602 1861 Διάστροφος
624 1807 708 1848 τοὺς
730 1806 952 1857 ὀφθαλμούς.
972 1809 1143 1850 BOURD.
1166 1810 1207 1850 Id
1222 1810 1303 1860 est,'

40 1866 164 1904 Strabo
174 1894 184 1910 ‚
202 1864 299 1904 idem
311 1863 416 1915 quod
429 1863 535 1902 ἰ’λλος
550 1863 649 1914 apud
665 1862 765 1902 Eust.
779 1862 890 1902 cuius
904 1861 991 1903 fem.
1004 1863 1114 1905 ἰλλίς.
1126 1865 1298 1918 Hesych.

0 1931 5 1970 f:
40 1917 224 1958 ὣενέίλλω
239 1927 460 1969 cognatum.
476 1915 644 1957 GUYET.

95 1974 132 2011 in
146 1972 260 2011 Schol.
271 1972 335 2011 col.
354 1985 386 2011 1.
406 1971 430 2009 l.
449 1971 486 2010 6.
508 1966 699 2023 Εὖτελεῖς)
722 1964 892 2010 Εὐθαλεῒς
914 1971 972 2011 ed.
994 1971 1096 2012 Cler.
1118 1970 1302 2014 Correxit

42 2025 224 2073 solanus,
247 2037 327 2065 non
349 2025 518 2065 indicans
536 2025 658 2064 unde:
677 2023 738 2065 sed
758 2023 866 2065 facile
886 2037 965 2065 erat
979 2038 1000 2065 e
1015 2039 1056 2065 re
1069 2025 1146 2079 ipsa
1159 2056 1171 2072 ,
1191 2027 1231 2066 δι
1246 2026 1302 2068 se-

0 2076 2 2083 *
43 2079 246 2133 quentibus
261 2080 296 2118 id
311 2078 453 2119 videre.
469 2078 530 2118 De
543 2076 616 2131 γρῦ
626 2077 727 2119 conf.
745 2078 848 2118 Suid.
865 2080 929 2132 qui
942 2081 1098 2119 eandem
1111 2081 1304 2123 rationem

44 2132 174 2182 affert3
189 2133 249 2174 sed
266 2134 307 2173 δι
327 2133 447 2181 addit,
463 2132 556 2172 alios
575 2131 647 2186 ’γρῦ
659 2146 680 2172 a
700 2145 907 2185 porcorum
930 2145 1031 2174 voce
1051 2134 1232 2174 derivare.
1248 2136 1305 2176 At

44 2187 178 2228 ibidem
198 2187 253 2227 bis
267 2188 305 2227 in
317 2187 374 2227 ed.
391 2188 489 2240 Hag.
504 2187 640 2227 Suidae
654 2186 788 2240 legitur
802 2186 1053 2241 γρυτόπωλις,
1068 2201 1235 2242 quorum
1252 2191 1306 2229 al-

46 2253 232 2282 terutrum
249 2242 286 2280 in
299 2237 538 2294 ’γρυτῆπωλις
550 2241 612 2281 vel
625 2242 873 2294 ‘ypvvrbmomf
895 2243 1117 2281 mutandum
1138 2242 1251 2290 foret,
1275 2243 1304 2284 fi

47 2295 305 2350 ypvvrbmomf,
318 2296 424 2347 quod
437 2295 497 2336 hic
508 2295 544 2334 in
557 2294 683 2335 Schol.
699 2294 878 2348 sequitur,
895 2309 1030 2336 verum
1044 2296 1144 2336 effet.
1158 2297 1307 2340 REITz.

46 2371 67 2389 .·
102 2351 178 2389 ibid.
191 2350 213 2387 I.
232 2363 287 2398 ¹4·
302 2349 521 2402 Πυριέιτης)
535 2349 639 2389 Patet
659 2348 802 2402 aliquid
815 2350 1012 2390 omiffum:
1028 2363 1114 2390 nam
1130 2351 1168 2389 in
1182 2351 1305 2392 altero

49 2403 101 2444 V.
116 2402 214 2444 cod.
229 2403 267 2442 in
281 2401 346 2442 fol.
361 2403 595 2456 distinguitur
606 2404 794 2456 πυμάτης
805 2405 854 2443 ab
868 2405 1082 2457 ἐγκρυφίας.
1094 2405 1179 2444 Vid.
1195 2404 1308 2458 supra

50 2457 142 2497 haec
157 2457 288 2552 ommnl‘zla
303 2457 348 2496 ad
364 2470 488 2499 unum
503 2457 689 2500 Scholion
700 2458 844 2506 relata,
856 2459 903 2499 ad
915 2459 1055 2500 verba:
1070 2459 1139 2500 Καὶ
1151 2457 1208 2500 ὅτι
1220 2457 1310 2498 καύ-

47 2522 161 2566 ματα
175 2513 224 2555 ἣν.
279 2521 388 2554 urz·
