1730 3326
375 219 467 268 372
569 198 1441 247 ANNOTATIONES

373 291 536 345 margini
551 292 709 338 additus,
722 290 769 329 ab
784 302 848 335 eo,
864 289 928 342 qui
943 287 1071 342 postea
1083 289 1211 330 rursus
1222 289 1424 341 descripsit,
1438 301 1521 329 uno
1535 288 1639 329 ordi·-

374 359 423 386 ne
434 345 688 398 serius‚quam
702 356 768 396 par
779 353 875 390 erat,
888 342 1003 382 fuerit
1015 341 1187 381 insertus.
1200 343 1270 382 Sed
1279 344 1369 396 quia
1381 342 1421 381 δι
1432 343 1508 382 alio
1520 343 1640 385 modo

374 398 497 453 potest
510 398 644 446 sanari,
655 408 699 437 ut
712 410 805 436 mox
819 395 903 448 post
915 394 1128 436 Gesnerum
1144 396 1278 444 dicam,
1292 397 1385 435 nihil
1400 397 1438 435 in
1453 408 1641 438 contextu

377 464 525 492 mutare
539 450 619 491 sum
635 449 760 490 ausus.
787 450 930 489 Rem.

430 506 509 545 ibid4
521 504 667 557 Πρῶτος
683 502 799 543 αὐτῆς
814 501 1105 555 ἀπολέλαυκας)
1117 502 1210 542 Non
1221 502 1320 542 bene
1330 502 1396 543 ista
1410 501 1642 542 continuan-

376 570 456 608 tur,
466 558 608 611 πρῶτος
619 555 735 596 αὐτῆς
747 557 1036 603 ἀπολέλαυκας,
1053 554 1158 595 οὐδὲν
1167 558 1273 607 παρὰ
1284 553 1349 594 σοῦ
1358 558 1447 607 πρὸς
1460 559 1502 595 τ“ο
1512 556 1643 605 μαθεῖν

377 611 497 665 ἔχων,
517 613 646 666 primus
655 612 738 649 artis
751 611 892 650 medicae
901 639 913 656 ‚
925 625 1026 661 quam
1037 623 1095 662 ego
1108 610 1232 654 didici,
1249 608 1396 660 ftuHum
1407 610 1576 662 percepisti
1584 641 1596 658 ,
1614 622 1642 649 o

377 679 499 720 pater,
515 666 603 705 nilu'l
614 666 737 703 hahens
754 681 775 702 a
788 676 818 702 te
829 663 1071 713 addiscendum
1085 662 1195 702 filius.
1218 663 1302 702 Nec
1316 662 1384 711 est,
1397 663 1504 715 quod
1519 664 1618 703 dicas
1629 692 1645 710 ,

378 720 666 759 nominativum
693 718 754 756 liic
775 717 870 770 poni
894 729 964 768 pro
990 717 1165 768 genitivo
1188 714 1501 768 consequentiae:
1527 716 1647 756 nihilo

378 775 479 813 enim
494 776 622 811 minus
637 782 817 811 contorta
830 771 916 814 erit,
929 769 969 808 δι
983 770 1138 811 minime
1151 770 1340 809 Lucianea
1355 769 1495 808 oratio.
1509 769 1564 809 At
1574 770 1648 810 erit

379 828 492 879 digna
508 825 679 865 Luciano
692 855 704 871 ‚
726 823 751 861 si
767 824 887 862 deleta
903 823 1014 862 unica
1027 823 1198 869 literula,
1220 836 1336 875 quam
1348 823 1506 862 librario
1521 823 1651 863 deberi
1687 837 1694 842 “

384 892 494 934 puto,
503 879 552 919 sic
563 880 734 924 legamus
746 877 785 917 &
799 878 1064 929 interpungam
1071 889 1129 923 us,
1149 877 1211 914 καὶ
1227 875 1370 929 πρῶτος
1381 873 1499 917 αὐτῆς
1513 875 1652 917 ἀπολέ-

383 945 546 973 λαυκας.
570 925 685 971 Οῧὸὲν
700 933 807 982 παρὰ
822 929 887 969 σοῦ
899 933 990 981 ’,τρὶς
1001 933 1043 969 τὶ
1055 929 1186 978 μαθεῖν
1201 929 1294 983 ἔχω.
1309 931 1395 970 Τίνα
1407 929 1650 971 ὃιὸάσκαιλον

384 1002 417 1026 κ.
432 1002 468 1026 τ.
488 998 522 1026 λ.
539 987 629 1026 Hoc
641 996 745 1025 certe
758 986 794 1023 in
805 984 1090 1036 interpretando
1104 984 1252 1023 secutus
1269 983 1362 1023 sum.
1386 984 1470 1023 Nec
1488 983 1652 1024 obscura

384 1039 456 1080 fuit
470 1041 651 1092 cuiquam
668 1038 865 1078 sententia.
888 1038 1016 1078 GESN.
1034 1037 1125 1077 Non
1141 1036 1297 1086 infitior,
1312 1035 1616 1077 emendationem
1628 1050 1653 1077 a

384 1094 561 1135 Gesnero
574 1092 808 1145 propositam
823 1092 872 1130 ita
888 1093 1082 1143 corrigere
1097 1092 1310 1143 vulgatam,
1323 1101 1366 1130 ut
1381 1089 1504 1130 sensus
1514 1090 1565 1131 sic
1574 1104 1655 1132 me-

386 1149 459 1187 lior
480 1148 658 1200 pi·odeat·‚
680 1159 750 1185 nec
765 1146 976 1184 dubitarem
994 1145 1045 1185 sic
1067 1146 1200 1191 edere,
1215 1145 1243 1184 si
1255 1144 1357 1184 filius
1371 1145 1494 1185 adhuc
1509 1143 1656 1185 discens

385 1202 609 1241 inducatur:
630 1199 690 1239 sed
708 1212 794 1238 cum
808 1212 887 1239 non
903 1199 1066 1250 amplius
1078 1198 1121 1238 sit
1137 1198 1361 1251 discipulus,
1375 1209 1413 1238 at
1425 1199 1500 1238 iam
1515 1198 1554 1238 in
1573 1210 1655 1239 arte

387 1253 576 1307 magister,
589 1253 706 1305 magis
719 1253 899 1292 naturalis
911 1252 949 1290 &
963 1252 1119 1305 simplex
1132 1252 1175 1292 fit
1187 1253 1314 1292 oratio
1325 1252 1478 1304 Guyeti
1492 1265 1600 1292 more
1615 1253 1656 1292 in

390 1309 567 1346 ordinem
582 1307 743 1347 redacta.
766 1306 821 1344 At
833 1305 859 1344 si
876 1306 1049 1345 ordinem
1065 1307 1207 1345 inverti
1220 1319 1298 1346 non
1313 1306 1458 1359 placet,
1471 1319 1542 1359 pro
1554 1309 1656 1359 ἔχων

387 1361 503 1415 possis
517 1360 644 1413 legere
658 1360 854 1411 παρέχων.
874 1359 973 1399 Nam
984 1361 1092 1410 ’παρὰ
1103 1358 1213 1399 facile
1224 1360 1349 1399 omitti
1362 1359 1488 1412 potuit
1500 1372 1658 1412 propter

387 1414 476 1455 satis
491 1427 613 1467 prope
634 1414 865 1467 praecedens
885 1413 1005 1464 παρά.-
1027 1413 1077 1452 ita
1095 1424 1137 1452 ut
1151 1414 1330 1467 παρέχων
1344 1423 1426 1453 tum
1449 1414 1495 1453 ad
1510 1424 1661 1467 patrem

390 1469 600 1522 pertineat,
615 1466 814 1519 sensusque
827 1466 888 1514 sit,
907 1468 1038 1519 primus
1050 1467 1134 1506 artis
1149 1467 1393 1519 meaefrur‘lum
1403 1468 1593 1521 percepistk
1605 1468 1660 1507 m'-

393 1524 475 1562 hila
488 1535 517 1561 te
528 1522 594 1576 (de
609 1521 699 1575 tuo)
711 1523 760 1560 ad
771 1520 960 1573 discendum
971 1522 1144 1572 praebens.
1163 1524 1274 1573 Παρὰ
1288 1522 1389 1560 enim
1404 1520 1455 1561 sic
1467 1521 1662 1573 usurpari,

390 1577 469 1617 T.1
492 1577 564 1615 iam
579 1576 758 1621 diximus,
775 1575 815 1615 &
827 1574 1002 1614 Perizon.
1015 1575 1060 1614 ad
1074 1575 1157 1615 Ael.
1171 1576 1223 1614 V.
1242 1575 1293 1615 H.
1307 1589 1344 1624 2,
1359 1589 1402 1628 ¹3
1419 1576 1515 1615 nied.
1533 1574 1670 1615 laudm·

393 1632 544 1678 vimus;
557 1630 624 1669 ubi
638 1631 667 1669 is
681 1631 786 1680 παρὰ
799 1627 865 1668 τοῦ
876 1627 1023 1667 Ἀνύτου
1037 1628 1150 1668 docet
1161 1629 1212 1668 ita
1228 1629 1514 1682 exponendum,
1525 1645 1564 1668 ea
1577 1645 1663 1683 quae

393 1687 438 1724 ab
450 1686 577 1736 Anyto
613 1683 835 1734 rofcflasunt.
859 1682 989 1722 Habes
1003 1682 1082 1728 hic,
1096 1682 1231 1728 leftor.
1247 1694 1322 1723 tres
1340 1682 1600 1723 coniecturas:
1615 1694 1662 1723 tu

394 1739 492 1791 elige
514 1737 575 1778 Ge
595 1737 677 1776 neri
696 1748 761 1776 aut
784 1736 936 1788 Guyeti
958 1737 1262 1777 emendationem
1276 1767 1290 1786 ,
1309 1750 1406 1791 quas
1424 1749 1532 1777 meae
1554 1749 1666 1791 prae·

393 1804 513 1846 pono.
532 1791 678 1830 Rmz.

451 1846 541 1899 Pag.
557 1859 619 1898 29.
633 1846 657 1883 l.
674 1859 711 1894 4.
724 1838 829 1897 “O-t’)
843 1843 1008 1884 Videtur
1023 1843 1202 1884 Vorstius
1219 1844 1310 1884 illud
1328 1843 1383 1884 ’ἅτ’
1397 1843 1576 1897 accepisse
1590 1858 1666 1898 pro

397 1898 454 1938 ’ότι
471 1899 637 1953 positum
650 1929 662 1945 ,
686 1898 851 1950 ideoque
866 1897 1145 1938 correffionem
1170 1897 1406 1950 quaesivisse.
1426 1897 1496 1938 Sed
1518 1898 1571 1938 est
1594 1912 1668 1952 pro

396 1953 485 2000 ὅτε,
505 1968 602 2000 cum,
626 1955 781 2005 quando,
805 1950 993 2004 positum,
1014 1951 1209 1992 &refilius
1220 1965 1338 2006 quam
1354 1948 1411 1993 ὧν·
1434 1953 1480 1993 de
1492 1964 1668 2006 tempore

397 2008 499 2048 enim
511 2006 683 2060 quaestio
698 2006 759 2045 hic
778 2005 843 2045 est.
867 2005 1014 2045 REffz.

454 2063 528 2100 ead.
540 2062 563 2101 l.
584 2061 620 2100 6.
645 2058 716 2099 Τοῦ
728 2059 798 2112 γε)
821 2059 897 2099 Pro
911 2061 986 2099 hoc
1004 2059 1096 2098 τὸτε
1119 2059 1261 2100 habent
1280 2058 1321 2100 P.
1333 2059 1374 2100 &
1388 2059 1429 2099 L.
1441 2059 1504 2100 sed
1522 2073 1570 2100 ne
1582 2070 1671 2101 tum

429 2115 554 2155 uidem
566 2114 667 2153 reae
678 2113 714 2154 se
727 2114 840 2153 habet
851 2114 911 2153 hic
924 2114 1043 2154 locus.
1059 2113 1144 2166 Ego
1155 2113 1355 2164 δυνάμενον
1366 2115 1567 2167 legendum
1579 2126 1671 2159 cenq

419 2182 490 2216 eo;
509 2181 633 2221 neque
644 2168 840 2219 vulgatam
855 2168 1028 2220 repudio.
1047 2167 1205 2207 Some.

458 2223 537 2262 ibid.
557 2222 829 2262 Ἀπαιτεῖσῧαι
851 2221 1078 2274 δυνάμενος)
1099 2222 1282 2276 Reposcere
1290 2222 1428 2276 poffim.
1452 2222 1598 2270 Verte,
1611 2238 1670 2263 re-

400 2276 506 2331 posci.
528 2275 700 2317 GUYET.

459 2331 537 2369 ibid.
554 2329 784 2382 Δυνέιμενος)
803 2328 1012 2380 Δυνάμενον
1031 2329 1232 2382 legendum
1251 2329 1459 2383 putabam,
1477 2340 1522 2370 ut
1539 2329 1585 2369 ad
1604 2343 1672 2383 pa-

405 2394 502 2423 trem
513 2382 709 2423 referatur.
720 2384 794 2423 Hic
803 2384 902 2423 enim
915 2383 981 2431 est,
991 2385 1056 2436 qui
1068 2384 1225 2436 gratiam
1237 2395 1407 2436 repetere
1418 2396 1496 2424 non
1506 2395 1674 2436 poterat,

405 2450 485 2476 non
499 2436 611 2477 filius.
628 2437 699 2476 Sed
712 2437 809 2476 idem
824 2437 998 2484 efficitur,
1013 2437 1040 2476 si
1055 2437 1314 2479 ἀπαιτεῖσὲαι
1331 2450 1409 2477 non
1422 2439 1542 2477 media
1555 2450 1673 2487 voce,

404 2489 464 2531 sed
472 2489 615 2547 paffiva
624 2491 843 2545 accipiatur,
852 2492 961 2532 cuius
971 2493 1026 2532 rei
1033 2492 1208 2546 exempla
1217 2492 1256 2532 in
1263 2503 1421 2546 promtu
1430 2491 1530 2532 sunt.
1539 2490 1673 2534 GESN„
