1730 3326
368 207 462 266 486
558 202 1436 251 ANNOTATIONES

369 294 454 341 niti,
470 293 626 332 memini
637 292 730 332 olim
747 293 787 332 in
801 291 1007 332 Scholiaste
1020 291 1178 331 Luciani
1191 291 1381 342 &vensbrcp
1396 293 1521 345 legere
1534 291 1642 343 apud

369 345 540 386 lsaacum
552 345 731 386 Voffium
746 349 809 384 τὴν
822 348 938 384 πάνυ.
960 345 1136 386 GRAEv.
1159 346 1262 396 (Hic
1282 346 1376 385 liber
1387 346 1636 398 ingeniostffi-

370 413 433 440 me
445 398 643 439 confe&us
656 400 764 439 velut
781 399 1007 438 laterculum
1027 398 1222 450 quoddam
1242 398 1295 437 est
1314 400 1488 438 omnium
1501 400 1640 440 dictio·

370 467 463 493 num
484 453 685 503 ἐιὸοκίμων,
702 466 797 505 quas
810 452 1003 493 semidocti
1023 452 1198 491 homines
1210 453 1400 492 Athenaei
1423 453 1463 492 &
1483 453 1640 494 Luciani

370 508 626 560 temporibus,
643 519 785 559 magno
797 520 886 546 curn
899 507 1138 545 eruditorum
1152 505 1312 551 fastidio,
1328 505 1425 545 soliti
1441 505 1507 546 usu
1514 519 1636 558 tpare.

374 561 452 613 Cas.
469 563 519 600 ad
529 562 620 599 Atlt.
638 561 703 599 168
716 590 726 605 ‚
746 560 818 614 18.)
841 559 906 599 De
919 560 994 600 hoc
1011 558 1200 611 opusculo
1214 572 1289 611 ego
1309 572 1388 598 non
1399 570 1475 598 tam
1493 560 1639 612 magni-

371 613 446 655 fice
468 613 600 654 sentio.
629 613 788 653 Librum
804 614 946 653 deridet
956 643 968 661 ,
982 614 1018 652 in
1037 625 1119 665 quo
1130 624 1189 652 tot
1201 612 1241 651 δι
1254 624 1355 651 tanta
1369 613 1526 652 ridicula
1540 626 1640 652 con-

372 668 473 720 gesta
490 679 608 707 erant.
619 666 744 719 Quod
760 680 838 706 non
853 680 912 706 res
923 679 1070 706 tantum
1088 665 1164 717 ipsa
1177 666 1328 713 indicat,
1340 665 1401 706 sed
1414 667 1544 706 diserte
1560 666 1641 719 ipse

372 723 436 768 ait,
451 735 540 762 cum
552 721 763 773 Lexiphanis
778 721 917 760 librum
936 721 1008 760 esse
1023 721 1122 759 dicit.
1136 720 1207 760 Sed
1221 733 1268 759 an
1282 732 1361 761 nm
1375 733 1472 772 quae
1484 719 1559 772 ipse
1571 717 1640 758 αὖ·

372 776 615 827 τοπρόσωπες
629 776 818 826 loquitur,
831 773 967 814 insulsa
979 775 1017 814 δι
1030 773 1184 814 inficeta
1200 773 1352 825 prorsus
1365 775 1569 813 videntur?
1595 773 1638 814 Si

373 842 467 882 ergo
479 829 641 869 Luciani
663 841 765 881 opus
783 828 851 874 sit,
874 841 896 867 a
913 828 1064 868 iuniore
1079 827 1258 879 scriptum
1278 826 1437 874 cense03
1463 827 1503 866 δι
1521 828 1640 866 Athe-

372 885 458 923 naei
472 884 598 935 magni
610 881 700 921 illud
721 895 820 933 opus
836 881 1011 921 derisum.
1035 882 1215 920 Viderint
1229 881 1310 920 alii:
1337 882 1426 920 mihi
1442 893 1566 933 neque
1579 880 1640 919 lu-

373 937 458 984 bet,
473 948 600 989 neque
613 947 723 975 vacat
742 948 844 976 nunc
856 936 1099 975 Athenaeum
1122 934 1242 984 ipsum
1257 947 1307 974 eo
1328 934 1494 974 consilio
1517 934 1640 987 perle-

373 1003 484 1043 gere,
499 1003 539 1030 ut
552 990 597 1029 de
611 1003 652 1029 re
665 990 811 1029 tantilla
827 990 1088 1040 pronuntiem.
1108 989 1197 1029 Hoc
1210 1001 1359 1028 tantum
1375 988 1544 1028 monebo
1555 1017 1567 1034 ‚
1580 988 1640 1026 A·

374 1044 526 1084 thenaei
538 1056 639 1094 opus
655 1044 883 1082 M.Aurelio
895 1045 1105 1094 imperante
1121 1041 1306 1094 prodiisse.
1320 1043 1410 1080 Vid.
1427 1057 1447 1081 2
1461 1040 1504 1080 C.
1520 1041 1558 1080 in
1573 1053 1640 1082 eo-

374 1111 454 1151 que
468 1099 596 1137 omnia
612 1097 689 1136 fere
706 1098 875 1149 reperiri,
895 1110 994 1150 quae
1011 1097 1085 1136 hoc
1101 1097 1139 1135 in
1154 1095 1343 1148 opusculo
1361 1096 1543 1139 ridentur,
1559 1095 1641 1134 Pla-

375 1153 478 1192 tonis
492 1164 628 1191 vanam
644 1151 918 1197 imitationem,
940 1163 1058 1190 voces
1069 1151 1260 1198 exoletas,
1285 1149 1510 1202 farraginem
1534 1147 1640 1188 istam

373 1205 585 1245 verborum
598 1205 643 1243 ad
655 1205 884 1243 convivium
900 1205 1180 1256 pertinentium,
1191 1204 1230 1243 &
1245 1204 1334 1256 quid
1345 1204 1448 1243 non?
1464 1201 1541 1242 sola
1557 1215 1642 1254 per·-

373 1257 555 1300 sonatum
567 1258 722 1297 nomina
735 1257 956 1310 discrepant,
971 1271 1069 1311 quae
1081 1259 1225 1298 ridiculi
1239 1257 1347 1297 causa
1362 1269 1382 1296 a
1393 1255 1538 1296 Nostro
1550 1269 1644 1296 con·

375 1310 464 1351 fieta
477 1310 574 1351 sunt.
596 1312 708 1352 Unde
721 1312 857 1363 liquet,
878 1323 944 1351 aut
958 1312 1120 1351 eundem
1134 1310 1246 1351 rififfe
1261 1323 1487 1357 utrumque,
1500 1321 1564 1350 aut
1581 1312 1640 1348 A-

373 1366 579 1405 thenaeum
593 1364 716 1417 ipsum
727 1378 749 1404 a
767 1365 940 1405 Luciano
950 1365 1012 1406 hic
1024 1365 1195 1405 derisum.
1219 1365 1376 1405 Some.
1402 1363 1641 1404 Dubitabam

372 1419 496 1466 initio,
513 1420 788 1473 aggredererne
803 1418 1019 1459 versionem
1037 1419 1153 1459 huius
1169 1418 1340 1471 Dialogi‚
1354 1430 1402 1457 an
1417 1418 1641 1470 deprecarer

376 1475 506 1526 potius
518 1474 769 1526 provinciam,
778 1487 854 1525 qua
867 1485 943 1521 me,
957 1473 1076 1512 immo
1087 1486 1318 1525 quemquam
1331 1472 1428 1511 bene
1437 1470 1544 1524 fungi
1558 1469 1644 1523 pos·

375 1525 427 1574 se,
448 1527 694 1580 desperarem.
718 1527 822 1566 Cum
844 1527 947 1566 enim
970 1538 1076 1566 totus
1091 1539 1212 1579 prope
1232 1525 1274 1565 sit
1289 1527 1327 1565 in
1343 1537 1408 1571 eo,
1431 1536 1473 1564 ut
1488 1525 1644 1564 ridenda

374 1594 622 1634 proponatur
637 1579 833 1621 affeaatio
843 1593 995 1627 eorum,
1005 1582 1073 1634 qui
1087 1581 1205 1620 verba
1213 1581 1420 1632 antiquata,
1433 1577 1537 1626 fieta,
1548 1582 1643 1631 poe-

376 1636 465 1680 tica,
483 1648 504 1674 a
519 1648 618 1687 puro
634 1636 670 1674 δι
686 1634 845 1687 simplici
857 1633 1032 1674 sermone
1047 1634 1166 1674 aliena
1178 1664 1189 1681 ‚
1205 1632 1488 1681 consternatur,
1501 1633 1540 1672 &
1558 1643 1643 1672 tum

375 1687 534 1729 mirifice
548 1688 585 1729 se
596 1689 758 1729 credunt
768 1688 842 1728 effe
852 1688 1022 1735 locutos,
1031 1701 1119 1728 cum
1132 1687 1255 1727 sermo
1267 1687 1419 1728 illorum
1431 1699 1452 1726 a
1463 1699 1643 1726 commu·

375 1743 416 1782 ni
431 1744 582 1782 ratione
594 1743 758 1782 maxime
771 1742 968 1781 abhorret:
994 1741 1134 1782 frustra
1155 1741 1266 1781 fuerit
1275 1772 1287 1787 ‚
1301 1740 1330 1780 fi
1341 1742 1426 1794 quis
1439 1739 1582 1793 speret,
1595 1753 1642 1780 ea

376 1795 428 1838 fic
446 1796 551 1850 posse
564 1808 800 1850 quacunque
815 1797 888 1835 alia
902 1796 1031 1848 lingua
1045 1796 1164 1841 reddi,
1180 1808 1221 1835 ut
1237 1794 1329 1847 quid
1342 1794 1478 1834 auftor
1489 1793 1556 1834 sibi
1567 1807 1645 1834 vo·

375 1849 508 1897 luerit,
519 1850 658 1903 aliquis
669 1849 819 1890 Graece
832 1862 912 1889 non
926 1849 1062 1889 doctus
1073 1848 1300 1902 assequatur.
1316 1847 1467 1902 Itaque,
1505 1849 1582 1887 uod
1594 1848 1644 1888 de

376 1903 558 1953 Pollucis,
570 1917 684 1957 quem
697 1904 757 1943 hic
773 1903 969 1956 perstringi
985 1903 1168 1955 putabant
1183 1903 1254 1942 viri
1268 1902 1370 1942 <loeti
1380 1933 1392 1951 ,
1406 1904 1478 1955 (po
1522 1902 1644 1942 Hem-

375 1957 647 1998 sterhufianam
672 1957 949 2010 praefationem
975 1957 1151 2010 equidem
1177 1968 1311 2008 putare
1335 1955 1425 1997 desii
1438 1985 1448 2002 ‚
1475 1955 1516 1996 δι
1538 1954 1645 2008 posti

376 2025 493 2064 quam
506 2013 583 2051 vidi
595 2013 737 2053 bonam
755 2025 899 2063 partem
912 2010 1122 2050 verborum
1133 2042 1144 2059 ‚
1166 2023 1266 2064 quae
1279 2010 1340 2050 hic
1356 2009 1643 2063 reprehendun-

376 2077 455 2112 tur,
470 2078 551 2106 non
565 2065 638 2106 effe
650 2067 688 2105 in
702 2066 870 2106 Pollucis
884 2065 1157 2108 Onomastico)
1173 2065 1276 2117 quod
1291 2065 1408 2117 igitur
1421 2063 1466 2103 de
1477 2063 1642 2103 Pollucis

376 2119 632 2160 Onomastico
657 2119 848 2166 sentiunt,
872 2130 914 2159 ut
928 2119 1086 2172 quisque
1108 2118 1160 2158 est
1175 2118 1295 2171 magis
1319 2117 1432 2158 iudex
1453 2117 1642 2163 idoneus,

374 2173 485 2226 plane
503 2187 580 2213 non
593 2173 757 2213 debuisse
768 2174 814 2213 ad
829 2174 993 2213 verbum
1009 2173 1122 2213 verti:
1138 2173 1233 2212 idem
1246 2172 1366 2224 magis
1377 2172 1492 2212 etiam
1506 2170 1552 2210 de
1565 2170 1642 2212 hoc

373 2227 504 2268 libello
519 2227 726 2267 existimem
737 2259 747 2275 ,
763 2240 877 2280 quem
892 2240 971 2267 non
985 2228 1104 2279 magis
1122 2227 1220 2266 bene
1234 2226 1433 2279 quisquam
1455 2225 1641 2278 interpre-

359 2282 492 2331 'tetur‚
505 2295 619 2334 quam
632 2282 832 2334 imperitos
846 2281 932 2322 illos
946 2281 1144 2323 humilium
1155 2281 1412 2321 convivarum
1427 2276 1465 2317 in
1473 2277 1642 2318 Trimal-

376 2334 524 2375 chionis
537 2348 658 2375 coena
671 2334 884 2384 sermones,
908 2349 1023 2388 quam
1038 2334 1293 2375 obscurorum
1310 2334 1485 2372 virorum
1498 2331 1640 2385 episto-

375 2389 445 2434 las,
459 2401 524 2428 aut
537 2403 811 2442 quemcunque
823 2390 862 2428 in
875 2402 924 2429 eo
938 2402 1076 2442 genere
1091 2389 1229 2428 librum
1243 2418 1256 2434 ‚
1272 2387 1337 2427 ubi
1350 2386 1469 2426 verba
1485 2385 1641 2426 alterius

375 2442 480 2491 quast
493 2443 653 2495 quadam
666 2444 823 2495 parodia
834 2443 1062 2482 deridentur.
1077 2443 1224 2482 Interea
1237 2453 1363 2481 tamen
1379 2453 1468 2480 cum
1485 2439 1639 2492 quibus-

372 2495 456 2537 dam
470 2509 569 2539 certe
579 2497 618 2537 in
628 2496 725 2540 locis
737 2496 931 2541 videretur
945 2497 1124 2552 propius,
1143 2509 1258 2551 quam
1271 2495 1397 2537 adhuc
1408 2493 1551 2536 facium
1564 2492 1617 2535 est
1624 2520 1643 2547 ,
