1730 3326
419 208 515 254 4η
613 193 1486 243 ANNOTATIONES

419 284 552 323 melius
568 283 799 324 illustrantur
816 296 863 322 ex
882 284 1066 330 tractatu,
1085 284 1286 336 quomodo
1300 283 1489 324 scribenda
1500 284 1545 326 sit
1563 284 1683 328 histo-

419 338 473 375 ria
484 368 495 385 ,
520 338 585 376 ubi
604 349 864 376 memorantur
879 339 1082 376 Severianus
1093 339 1134 377 δι
1149 338 1302 389 Priscus.
1326 349 1379 376 LA
1394 338 1549 379 CRozE.

471 394 546 429 ead.
559 391 582 429 l.
602 405 616 429 1
625 407 662 439 4.
674 390 897 443 Σευηριανῷ)
911 391 1034 430 Aliter
1046 390 1217 430 scribitur
1230 391 1304 430 hoc
1317 404 1459 431 nomen
1473 394 1510 431 in
1522 400 1680 448 Συγγρ.

417 455 451 483 c.
471 457 513 482 21
533 445 606 484 &c.
628 445 703 483 Sed
715 445 939 483 variationis
960 445 1060 483 ratio
1078 445 1198 483 doffis
1211 443 1297 483 satis
1312 455 1423 484 nota:
1438 448 1527 498 quia
1539 446 1680 487 scilicet

418 512 442 535 ν
457 497 730 536 consonantem
747 497 892 536 literam
913 498 1092 550 ignorant
1105 497 1266 543 Graeci,
1292 497 1400 549 saepe
1421 512 1487 551 per
1501 500 1537 538 Y
1551 501 1682 549 expri-

418 562 538 589 munt.
550 551 706 604 Saepius
713 563 780 604 per
792 555 814 588 B
825 566 833 589 :
844 552 999 589 eandem
1014 563 1092 590 non
1103 563 1190 590 raro
1201 551 1311 589 etiam
1324 563 1389 602 per
1399 551 1680 605 diphthongum

418 618 470 643 ov.
488 604 661 643 Eundem
677 616 803 643 autem
820 605 947 643 virum
963 603 1050 651 effe,
1064 605 1172 644 cuius
1187 616 1326 643 nomen
1342 615 1418 642 tam
1433 606 1538 645 varie
1554 605 1682 645 scribi-

416 669 495 705 tur,
511 670 570 696 res
584 656 659 709 ipsa
673 657 926 697 clamat.Vide
940 668 1083 703 tamen,
1096 670 1194 710 quae
1206 658 1276 696 hac
1293 658 1338 696 de
1349 671 1390 697 re
1403 659 1465 697 vir
1480 659 1682 707 eruditiffi·

418 724 503 750 mus
516 710 721 749 Palmerius
734 709 854 750 affert.
883 710 954 750 Sed
977 711 1015 749 in
1033 723 1078 750 ea
1093 722 1185 750 nota
1209 711 1328 749 nolim
1346 722 1366 748 a
1379 722 1488 751 tanto
1500 714 1589 752 viro
1601 727 1683 753 ma-

417 765 541 804 culam
558 763 718 803 inustam
734 764 942 816 Xiphilino,
964 763 1086 816 quasi,
1109 776 1208 817 quae
1223 765 1321 815 apud
1337 763 1507 804 Dionem
1522 765 1682 818 legerat,

416 818 503 856 data
526 830 645 870 opera
663 816 929 869 suppreffisset:
952 817 1002 856 sic
1022 819 1123 857 enim
1143 817 1218 871 ipse
1236 816 1291 856 sui
1310 818 1448 857 vindex
1460 819 1682 871 Xiphilinus

420 871 458 909 in
472 871 674 909 Antonino
686 870 767 919 Pio,
776 869 814 909 οὗ
828 872 990 922 σώζεται
1001 870 1045 910 ὃὲ
1059 869 1144 911 οὐδὲ
1155 870 1218 909 τοῦ
1228 874 1333 921 μετὰ.
1342 871 1536 912 Ἀντονΐνον
1547 873 1682 926 εἵρξαν-

419 938 480 963 τος
492 924 637 976 Μάρκου
651 924 756 975 Βήρου
769 927 821 964 τὰ
833 925 967 977 πρῶται
981 924 1051 963 τῶν
1065 924 1323 976 ἱστορουμένων
1339 923 1413 964 ὅσοι
1426 927 1507 978 περ)
1520 928 1582 966 τὸν
1594 926 1684 966 Λού.

417 993 492 1017 κων
515 981 575 1017 τὶν
595 977 663 1017 τοῦ
686 977 880 1029 Κομμόἒου
900 978 988 1027 vivre,
1008 976 1044 1018 ὃν
1067 977 1083 1016 ὃ
1107 980 1251 1031 Μάρκος
1271 977 1440 1030 γάμβρον
1463 979 1683 1030 ἐποιήσατο,

418 1030 576 1084 ἔπραξεν
593 1027 698 1070 οὗτος
711 1029 841 1078 αὐτὸς,
867 1032 930 1070 καὶ
949 1031 1023 1071 ὅσα.
1042 1025 1146 1071 οὗτος
1161 1032 1212 1071 εἰς
1225 1036 1284 1071 τὸν
1301 1035 1406 1070 aar&
1423 1028 1682 1086 Οὐολογοιίσου

418 1084 582 1135 πόλεμον
603 1084 677 1123 z‘mb
692 1084 759 1124 τοῦ
780 1084 944 1136 ’πενθεροῦ
958 1084 1135 1136 πεμφθεὶς
1157 1085 1306 1138 ἔδρασε.
1335 1083 1469 1136 Quem
1486 1087 1613 1126 locum
1630 1100 1682 1128 eo

415 1138 595 1178 libentius
610 1139 670 1178 hic
684 1139 909 1192 descriptum
922 1140 1141 1185 voluimus,
1165 1151 1213 1178 ne
1226 1138 1422 1178 socordiae
1440 1139 1591 1180 nostrae
1609 1141 1684 1180 im-

417 1204 586 1243 putetur,
605 1193 632 1231 si
645 1193 681 1230 in
696 1192 837 1240 multis,
849 1205 950 1245 quae
963 1193 1123 1232 Luciani
1136 1203 1310 1244 tempora
1323 1191 1504 1245 speciant,
1516 1193 1558 1234 δι
1571 1195 1681 1234 resin

417 1246 461 1285 iis
479 1245 614 1298 gestas,
632 1246 788 1285 obscuri
800 1246 942 1299 aliquid
957 1248 1182 1286 inveniatur.
1198 1245 1382 1285 Nostrum
1397 1246 1496 1285 enim
1510 1247 1682 1288 divinare

418 1312 496 1339 non
513 1298 588 1348 est,
602 1299 666 1338 ubi
683 1298 789 1339 silent
804 1299 987 1339 historiae.
1009 1299 1303 1340 Observandum
1322 1310 1447 1339 autem
1464 1300 1551 1339 hinc
1567 1301 1684 1353 inpri·
1729 1312 1730 1345 ἶ

417 1353 490 1392 mis
504 1352 580 1401 est,
603 1353 715 1392 initio
735 1354 808 1391 iam
833 1353 978 1406 imperii
1001 1354 1057 1392 M.
1072 1354 1218 1392 Aurelii
1235 1353 1377 1392 clarum
1390 1351 1497 1392 fuisse
1510 1353 1683 1394 Alexan·
1729 1354 1730 1407 J

418 1406 528 1445 drum
540 1437 553 1453 ,
571 1407 681 1446 cuius
703 1406 901 1446 oraculum
917 1417 1021 1446 tanta
1036 1407 1082 1446 de
1096 1419 1136 1446 re
1152 1405 1424 1446 consuleretur.
1451 1407 1570 1447 Paulo
1597 1408 1682 1460 post

416 1473 547 1500 tamen
561 1461 721 1500 innuere
733 1460 898 1508 videtur,
919 1462 1090 1500 nondum
1104 1471 1195 1501 tunc
1209 1460 1360 1501 Romae
1373 1460 1584 1501 inclaruisse
1596 1473 1683 1501 ora-

417 1514 567 1562 culum,
583 1528 615 1555 c.
633 1528 695 1568 30.
721 1514 877 1554 SOLAN.

473 1569 563 1621 Pag.
576 1570 676 1621 91.l.
695 1582 728 1620 3.
742 1567 991 1621 Ἀκτίνεο-σιν)
1015 1566 1245 1607 Consulendi
1261 1567 1332 1607 hac
1346 1567 1392 1607 de
1403 1579 1444 1607 re
1455 1567 1595 1608 curiosi
1609 1580 1682 1608 no·
1727 1568 1730 1616 ἶ

417 1621 514 1661 strae
527 1622 658 1661 aetatis
675 1632 926 1662 nummorum
942 1620 1179 1661 scrutatores.
1189 1622 1271 1662 Nec
1281 1621 1453 1661 audiendi
1466 1623 1683 1676 tamen,qui

418 1675 606 1724 afferunt,
627 1675 836 1715 divinitatis
856 1675 1006 1728 signum
1021 1674 1095 1715 effe
1112 1686 1297 1716 coronam
1313 1675 1505 1715 radiatam.
1523 1674 1564 1715 Id
1578 1677 1683 1716 enim

417 1742 498 1768 non
510 1728 792 1783 ubiquesaltem
805 1729 1096 1776 obtinuiffe,vel
1106 1730 1140 1767 h.
1152 1730 1226 1769 loc.
1237 1728 1337 1769 solus
1347 1729 1512 1768 evincet.
1522 1729 1682 1770 SOLAN.

469 1786 545 1822 ead.
556 1784 580 1823 l.
597 1797 627 1835 5.
650 1782 844 1835 Στρατιᾷ)
864 1784 990 1822 Antea
1012 1785 1049 1822 in
1064 1783 1246 1823 omnibus
1264 1783 1461 1836 legebatur
1483 1784 1683 1836 στρατείᾳ,

415 1849 612 1890 corrupte,
625 1835 692 1875 nis1
735 1838 813 1876 uod
831 1837 858 1875 I.
874 1835 1059 1890 στρατειᾷ
1072 1836 1194 1876 habet.
1217 1836 1375 1876 Somm.

470 1891 551 1929 ibid.
574 1850 792 1944 ’Oepuo'tj‘ozo
815 1888 917 1929 Idem
930 1889 997 1939 est,
1007 1892 1073 1943 qui
1087 1892 1124 1930 in
1138 1897 1286 1945 Συγγρ.
1300 1903 1332 1930 c.
1350 1888 1410 1936 18,
1425 1902 1486 1941 19,
1500 1902 1544 1928 21
1561 1890 1603 1930 &
1617 1902 1682 1942 31,

415 1943 565 1985 Osroes
576 1944 726 1990 dicitur,
742 1944 847 1997 quod
862 1957 882 1983 a
895 1945 981 1984 viro
993 1943 1108 1984 doeio
1123 1945 1243 1984 miror
1256 1957 1335 1984 non
1354 1943 1427 1983 esse
1441 1943 1684 1984 animadver-

416 1998 510 2039 sum.
535 1996 673 2052 Neque
694 2000 797 2037 enim
815 2009 965 2038 tantum
981 1998 1106 2037 virum
1123 2009 1274 2037 morata
1295 1995 1384 2038 effet
1405 1997 1606 2036 nominum
1628 1998 1686 2037 di·
1729 1999 1730 2004 ’

417 2052 588 2100 versitas,
601 2064 693 2091 cum
705 2051 767 2090 vel
783 2052 808 2091 ii
820 2052 965 2099 norint,
976 2052 1043 2105 qui
1056 2051 1232 2091 historias
1241 2050 1482 2092 Graecorum
1492 2051 1683 2090 tantillum

416 2106 645 2152 delibarunt,
659 2104 767 2158 saepe
781 2105 832 2145 (ιο
845 2107 960 2145 variis
973 2106 1097 2145 modis
1108 2106 1266 2145 nomina
1280 2105 1438 2145 barbara
1449 2103 1605 2144 Graeco
1619 2105 1684 2144 ha-

418 2161 502 2200 bitu
517 2159 666 2208 vestiri,
688 2159 817 2212 &ipse
833 2160 907 2199 hoc
921 2159 1003 2212 ipso
1026 2160 1062 2198 in
1085 2160 1176 2199 loco
1197 2158 1388 2199 observet.
1410 2157 1560 2198 Osroes
1579 2161 1683 2198 o‘erte

418 2214 537 2254 illicis
558 2214 709 2260 dicitur,
733 2215 798 2266 qui
812 2213 1061 2254 Severianum
1074 2212 1185 2263 fudit,
1207 2214 1296 2254 &in
1311 2212 1459 2267 proelio
1475 2211 1633 2260 occidit,
1646 2224 1683 2253 c.

422 2282 485 2309 21.
507 2268 665 2307 SoLAN.
1625 2286 1627 2290 ·

473 2325 546 2360 ead.
560 2322 583 2360 l.
597 2322 634 2361 6.
655 2320 979 2374 Ὑπομνημάτων)
1004 2321 1150 2360 Mirum
1165 2320 1285 2360 videri
1307 2317 1440 2373 polilt,
1461 2317 1594 2359 ausum
1606 2316 1682 2359 esse

420 2375 683 2415 Alexandrum
693 2375 850 2414 oracula
862 2374 927 2414 sua
939 2376 976 2414 in
988 2375 1286 2415 commentarios
1297 2372 1440 2413 referre
1451 2388 1459 2412 :
1475 2373 1535 2413 sed
1547 2373 1589 2412 δι’.
1600 2372 1681 2414 hoc

420 2429 640 2481 dignitatem
655 2441 734 2468 non
749 2429 941 2481 exiguam,
951 2429 998 2467 ab
1010 2427 1224 2468 huiusmodi
1238 2427 1383 2467 artifice
1395 2428 1531 2467 dextro
1543 2425 1582 2465 δι
1595 2425 1684 2465 fub-

418 2482 505 2524 dole
518 2481 827 2534 administratum,
839 2483 999 2524 oraculo
1021 2482 1273 2531 conciliabat3
1295 2482 1360 2536 qui
1374 2509 1386 2530 ‚
1400 2480 1428 2520 sl
1443 2480 1533 2534 quid
1545 2490 1679 2521 contra
