1730 3326
97 207 198 254 IN
262 208 380 254 DE
446 184 1288 278 SALTATtoNE.449·

31 294 95 336 Sic
108 295 296 336 Hesiodus
309 297 410 336 Scut.
425 296 520 336 Her.
538 295 611 348 281
626 295 761 335 ;”Ενθεν
778 294 816 333 «Γ
829 291 908 334 αὖθ’
923 295 1065 348 ἑτέρωθε
1080 299 1147 338 νέοι
1164 301 1290 350 κώμοι-

33 349 89 401 ζον
103 347 168 388 ὑπ’
188 347 322 396 αὐλοῦ,
335 352 443 402 Τοι’γε
454 349 520 398 μὲν
541 344 595 388 αὖ
605 349 814 399 παίζοντας
837 349 902 387 ὑπ’
914 348 1086 401 ὀρχηθμῷ
1099 353 1162 390 mei
1178 353 1288 404 eoas?

34 417 68 440 κ.
81 416 117 440 τ.
130 413 167 441 λ.
188 403 290 442 Hinc
302 404 400 455 apud
419 402 655 454 Hesychium
669 401 856 452 κωμαὲεἲν
869 403 1082 455 ὂρχεῑσῧοιι,
1095 406 1136 445 &
1155 405 1288 457 κῶμος,

35 450 134 495 εἷέος
143 453 342 507 ὀρχήσεως.
370 455 499 496 GESN.
533 488 537 493 .

84 512 156 547 ead.
168 510 192 546 l.
206 524 242 557 4.
257 510 490 560 Κωμάξατε)
500 509 556 548 Ita
571 509 717 561 optime
730 508 786 546 Ff.
803 521 875 560 pro
888 521 951 554 eo,
964 509 1069 562 quod
1080 510 1116 548 in
1131 511 1288 564 reliquis

33 560 87 600 est
98 563 318 612 κωμάσαιτε.
330 561 392 602 Sic
404 563 507 601 enim
517 562 645 601 Dores
657 560 792 600 efferre
805 561 1081 601 solebantNox
1095 566 1194 615 apud
1207 566 1289 605 Pin-

32 615 167 654 darum
182 613 369 668 frequens.
393 616 492 656 Vide
504 616 615 655 Nem.
632 615 665 654 Π
680 613 749 654 sub
770 614 885 654 finem
897 646 909 664 ,
930 615 970 654 &
991 615 1056 655 Ol.
1070 617 1123 655 XI
1136 647 1148 663 ,
1171 617 1289 670 Pyth.

33 667 101 707 lx.
125 668 280 708 SOLAn.
1205 699 1208 702 »

89 724 161 760 ead.
173 723 198 760 l.
209 735 247 772 7.
270 722 360 774 Παῤ
373 718 453 775 ἕνα)
477 721 586 774 Quid
602 721 676 762 hoc
690 720 755 769 stt,
774 719 869 760 disce
883 733 931 760 ex
953 725 1132 763 Koemmt.
1149 736 1180 764 c.
1195 740 1233 774 4,
1247 726 1289 766 δε

33 787 74 814 ν.
85 775 262 826 Thucyd.
273 777 328 821 V,
341 776 390 814 82
405 776 454 814 A.
465 775 593 815 Credo
604 786 748 821 tamen,
764 775 865 814 aliud
878 775 938 814 hic
952 775 1164 828 significari,
1176 780 1291 821 alter-

33 829 90 867 nis
103 827 242 868 scilicet
254 841 396 882 pueros
407 861 417 876 ,
434 828 653 882 puellasque
668 828 819 882 positas.
841 828 998 868 δοῖ-ΑΝ.

87 884 158 920 ead.
171 884 195 921 l.
217 896 229 920 1
241 896 273 921 1.
289 886 354 921 Τὸν
367 882 492 935 ὅρμον)
515 884 578 922 An
594 883 692 922 idem
709 882 752 921 sit
766 895 853 922 cum
870 883 1076 923 Homerica
1091 882 1289 927 saltatione

33 933 239 984 11.XV111,
254 937 402 975 dubitat
418 936 618 975 Meursius.
637 936 824 989 Apuleius
843 934 942 975 solus
958 938 1152 986 nominat,
1166 939 1290 980 Miles.

34 988 82 1027 X.
100 989 290 1029 Hormum
304 990 461 1029 canebat
478 989 706 1030 bellicosum.
723 990 778 1029 So
786 999 878 1028 [ΑΝ.
899 989 1015 1029 Ratio
1027 992 1291 1043 appellationis

33 1053 78 1080 ea
92 1043 257 1090 videtur,
274 1044 379 1096 quod
392 1043 509 1095 ὅρμος,
534 1044 570 1082 in
584 1055 769 1095 quantum
785 1043 906 1082 monile
925 1043 978 1082 est
989 1073 1001 1088 ,
1027 1045 1138 1083 habet
1154 1046 1287 1094 bacas,

33 1096 198 1136 uniones
209 1126 220 1142 ,
240 1109 431 1150 gemmas,
445 1096 610 1136 diversas
620 1126 630 1143 ‚
654 1097 788 1136 ordine
803 1107 929 1135 tamen
941 1108 1047 1136 certo
1063 1098 1290 1152 alternoque

33 1148 163 1188 eadem
185 1150 282 1190 linea
294 1150 359 1189 fibi
372 1151 530 1190 iunfias.
551 1150 739 1190 Germani
759 1151 873 1189 etiam
893 1151 1022 1189 eadem
1045 1151 1124 1191 fere
1143 1155 1290 1193 ratione

33 1204 192 1243 nomine
209 1205 342 1244 eodem
355 1235 367 1250 ‚
394 1204 515 1249 Reme,
540 1204 582 1244 δι
602 1204 743 1244 lineam
768 1205 1054 1256 margaritarum
1071 1206 1290 1248 &chorum

33 1253 248 1297 saltantium
261 1259 461 1310 appellant.
485 1257 611 1298 GEsN.

89 1313 161 1350 ead.
175 1313 197 1349 l.
215 1325 228 1350 1
239 1326 272 1350 2.
285 1311 464 1364 Ἀνὲρίοις)
478 1310 554 1350 Etsi
569 1309 730 1362 ἀνὲρείοι,
745 1323 817 1362 pro
822 1309 1024 1362 fbrtimcfine
1037 1311 1151 1353 hodie
1166 1313 1290 1368 vulgo

33 1363 206 1404 ufitatius
219 1365 285 1410 est,
300 1378 417 1417 quam
433 1365 576 1416 ἀνὲρίοι,
588 1365 663 1404 hoc
673 1375 798 1403 tamen
813 1366 986 1417 praetuli,
1000 1379 1147 1405 memor
1162 1369 1292 1408 admo-

34 1418 192 1458 nitionis
206 1419 255 1458 H.
266 1419 466 1471 Stephani,
480 1419 588 1458 cuius
601 1418 720 1457 verba
732 1420 766 1457 in
780 1418 892 1458 Thes.
906 1419 954 1458 T.
966 1419 981 1457 1
992 1448 1002 1464 ‚
1020 1433 1055 1471 p.
1070 1434 1162 1472 439,
1183 1421 1290 1462 sunt:

35 1471 214 1512 Invenitur
224 1484 334 1511 autem
341 1472 504 1524 scriptum
515 1475 611 1512 modo
624 1470 771 1523 ἀνὲρείοι
782 1501 794 1518 ,
816 1475 912 1511 modo
935 1472 1066 1524 ἀνδρία.
1077 1503 1088 1518 ,
1113 1476 1293 1526 quaescri·

30 1537 155 1576 ptume
164 1528 314 1565 varietas
324 1527 359 1566 in
370 1527 447 1565 aliis
458 1526 556 1564 etiam
568 1527 739 1565 nonnullis
752 1527 941 1565 nominihus
955 1527 1120 1578 reperitur.
1147 1528 1291 1568 suidam

36 1590 146 1618 tamen
153 1580 321 1633 fiquendo
334 1580 466 1619 videtur
476 1580 593 1632 potius
595 1580 811 1631 scribendum
818 1579 966 1632 ἀνὲρίοι,
979 1593 1017 1618 ut
1029 1578 1161 1632 differat
1173 1584 1216 1620 ab
1229 1584 1294 1621 ἀν-

37 1632 141 1684 δρεία.
154 1634 324 1680 adieHivo,
336 1630 439 1672 velini
451 1648 525 1672 cum
538 1633 660 1672 dicitur
673 1632 822 1685 ἀνδρεῖαι
836 1631 968 1684 ψυχή.
983 1631 1128 1684 Αε]ἰιηε
1137 1636 1172 1674 in
1182 1652 1291 1675 emen·

36 1687 127 1725 datis
143 1687 318 1727 Codicibus
327 1686 445 1738 paffim
457 1687 596 1726 occurrit
611 1687 764 1738 scriptum
775 1685 919 1738 οὶνὸριάι.
946 1686 1089 1725 REsz.

0 1740 1 1743 ’
90 1741 170 1780 ibid.
187 1742 254 1781 Καὶ
270 1740 312 1780 αἱ
327 1740 574 1792 Γυμνοποὲίοιι
585 1739 629 1780 δὲ
643 1737 691 1780 αὖ
698 1739 772 1779 τοῖς
787 1739 914 1790 ὁμοίως
926 1740 1103 1793 ’όρχησ-ις)
1127 1741 1242 1780 Erant
1255 1744 1291 1782 6·

0 1795 2 1842 l
36 1793 108 1833 illis
119 1795 390 1848 Gymnopodiae‚
399 1808 505 1846 genus
506 1794 714 1846 fizltationz's.
725 1794 784 1834 Sic
795 1794 990 1847 interpres.
1004 1793 1075 1833 Sed
1088 1796 1291 1847 legendum

0 1854 2 1892 l
40 1848 102 1887 καὶ
115 1851 155 1888 αι’
170 1848 445 1897 Γυμνοπαιέίοιι
460 1847 505 1887 Σὲ
520 1845 646 1887 αὐτοῖς
660 1848 775 1898 ὅμοιος
791 1848 960 1900 ὅρχησις,
973 1848 1008 1886 6³
1024 1860 1119 1887 erant
1133 1850 1291 1901 Gymno-

35 1903 176 1956 paediae
183 1917 290 1955 genus
294 1902 506 1954 saltationis.
531 1902 620 1940 Erat
633 1913 759 1941 autem
781 1901 924 1940 saltatio
938 1903 1130 1941 nudorum
1153 1916 1294 1956 puero-

37 1969 124 1996 rum
135 1987 148 2002 ‚
160 1957 270 1997 cuius
279 1956 451 1995 meminit
464 1956 704 2001 Athenaeus,
717 1955 951 2006 Hesychius,
966 1954 1179 1996 Pausanias.
1206 1957 1293 1998 Plu-

38 2011 190 2050 tarchu‘s
200 2012 237 2050 in
248 2010 589 2063 Apophthegmatis
598 2010 760 2062 Agesilai
771 2010 787 2047 ἐ’
791 2024 826 2047 τι
841 2010 885 2048 Σὲ
898 2008 1046 2057 wisa,
1055 2011 1191 2062 inquit,
1199 2011 1293 2052 ’όν-τα,

42 2061 154 2104 miror
164 2063 458 2117 ’γυμνοπαιὲίας
470 2063 657 2116 ἀγομένης
674 2062 690 2101 ὃ
704 2066 898 2116 χοροποιὸς
909 2064 1066 2102 ἔστησεν
1089 2065 1137 2102 εἰς
1150 2063 1293 2114 ἄσημον

39 2119 168 2158 τόπον.
176 2119 216 2156 A
215 2119 372 2170 gefilaum
382 2119 493 2156 adhuc
502 2132 654 2171 puerum,
664 2132 739 2156 cum
747 2118 917 2156 Laconica
923 2116 1067 2169 firltatio
1072 2131 1293 2171 perageretur,

43 2174 80 2212 in
93 2187 161 2225 qua
168 2174 263 2225 pueri
277 2174 504 2218 nudabantur,
529 2171 620 2210 chori
635 2170 820 2222 praeftHus
833 2171 1000 2223 constituit
1011 2171 1046 2210 in
1055 2185 1177 2223 parum
1191 2174 1295 2212 hone-

35 2227 88 2280 sto
102 2227 184 2265 loco.
204 2227 304 2266 Vide
317 2226 387 2265 los.
402 2225 632 2278 Scaligerum
649 2224 694 2263 ad
712 2224 859 2263 Eusebii
877 2225 1101 2263 Lhronicon
1120 2226 1164 2263 ad
1186 2238 1291 2266 num.

41 2279 398 2328 MCCCCXLVII,
416 2280 481 2319 ubi
496 2277 672 2324 ostendit,
692 2279 982 2329 Hieronymum
996 2291 1153 2331 quoque
1169 2278 1295 2332 legiffe

43 2333 295 2384 rumoorwm,
303 2332 500 2374 &vertiffe
507 2333 735 2385 nudipedalia.
747 2332 810 2371 De
819 2333 1027 2383 Caryatide
1038 2345 1148 2380 vero,
1159 2331 1222 2372 seu
1232 2335 1295 2373 sal-

43 2389 187 2428 tatione
197 2388 270 2427 alia
280 2387 683 2435 Lacedaemoniorum,
693 2400 736 2425 ut
749 2386 789 2426 8<
799 2387 843 2425 de
857 2386 951 2438 ὅρμῳ
964 2387 1048 2424 vide
1058 2385 1212 2426 Meursii
1226 2388 1296 2426 La-

32 2453 133 2481 con.
145 2442 207 2481 lib.
227 2456 241 2480 1
254 2455 289 2488 1,
300 2455 332 2482 c.
351 2455 365 2480 1
375 2456 409 2480 2.
425 2441 600 2481 GRAEV.
614 2439 908 2493 Γυμνοπαιὲιοιι)
928 2440 1022 2478 Vide
1036 2438 1244 2478 Meursium
1257 2442 1296 2480 in

46 2494 166 2536 Orch.
179 2496 246 2548 qui
259 2496 457 2535 emendare
471 2496 615 2549 primus
625 2493 736 2535 iuffit.
750 2493 900 2536 Festum
914 2504 993 2534 erat
1006 2494 1105 2544 apud
1115 2494 1297 2535 Lacedae-

153 2550 295 2590 Lucian.
319 2550 397 2594 Vol.
422 2549 466 2591 V.
1001 2545 1030 2584 F
1042 2545 1064 2585 f
