1730 3326
183 191 285 238 IN
352 188 1104 238 ALEXANDRUM.
1189 210 1278 259 433

23 278 90 331 zai
104 272 122 319 ἦ
134 277 200 328 μὲν
211 277 353 317 si'aosof
365 275 430 316 τοῦ
441 275 557 329 χοροῦ
576 277 743 330 πάροὸος
758 277 976 331 καλεῖται.)
995 289 1037 318 ut
1056 279 1185 331 itaque
1203 295 1286 333 pro-

23 334 135 384 logus,
150 342 225 370 tam
240 332 285 370 de
303 341 461 370 oratore
478 330 583 383 ipso,
598 344 714 383 quam
738 332 782 370 de
804 332 975 371 sermone
987 363 997 379 ,
1016 334 1216 384 accipitur:
1230 335 1285 374 ita.

24 384 139 438 poffis
150 384 191 423 δι
204 383 367 434 πάροὲος
380 385 530 424 utrovis
540 397 648 424 more
659 385 830 436 accipere
843 415 854 431 ‚
871 385 910 423 δι
929 386 1119 437 cogitare,
1135 399 1182 425 an
1197 387 1282 426 Ru-

24 439 174 478 tilianus
194 450 271 476 non
291 438 381 476 item
402 437 462 476 hic
478 437 627 477 dicatur
637 450 828 490 praecentor
843 438 1073 483 Alexandri,
1093 440 1158 491 qui
1173 454 1284 493 prae-

23 492 207 545 filigiatori
221 489 292 529 suo
306 491 518 544 praeludat,
533 504 576 530 ac
588 492 774 543 populum
789 490 955 529 alliciat?
971 491 1042 530 Sed
1053 496 1286 545 totumvrro‘ep-

27 544 109 584 οὸον
123 545 272 591 eiicere,
285 557 399 595 quam
411 544 522 582 nimis
535 545 713 596 argutari,
729 544 842 583 malo.
854 543 893 583 Si
908 557 1005 583 vero
1019 545 1184 596 probare
1197 547 1285 598 pos-

25 597 101 638 sem
112 627 125 643 ‚
141 598 177 636 id
189 599 437 637 introdublorem
450 596 656 648 significare
669 628 681 643 ‚
698 598 859 636 omnino
873 598 1087 637 retinerem.
1107 599 1258 639 ΚΕΗ-Ζ.

79 653 151 690 ead.
166 651 187 689 l.
205 651 240 689 8.
264 650 427 703 Μάρκος)
445 651 554 690 Vixit
569 649 653 702 post
675 651 850 689 Marcum
875 651 1074 690 Lucianus.
1099 653 1209 692 Hanc
1227 654 1287 692 hi-

26 703 177 744 storiam
195 704 269 744 vid.
285 704 470 756 depiflam
487 704 522 742 in
535 703 625 743 Col.
639 704 855 752 Antonina,
871 718 905 755 p.
925 718 937 742 1
948 719 980 757 3.
999 715 1053 743 LA
1065 705 1222 746 CROZE.

78 760 152 796 ead.
166 758 188 796 l.
206 772 261 809 ¹3·
276 758 501 806 Διννπετέος)
517 756 575 803 Sic
587 758 638 797 Fl.
652 758 736 796 Αἶά.
755 768 841 796 cett.
855 758 1097 797 aalmvorst.
1114 759 1285 800 Consen-

26 811 224 903 tiuntz‘llflss
243 810 363 863 Regg.
383 824 485 864 2954
498 811 538 850 &
557 824 624 862 301
638 825 667 850 1.
680 810 794 851 Conf.
807 810 882 850 Ein.
901 811 975 864 §9,
994 825 1079 864 pag.
1098 813 1135 851 h.
1147 814 1204 852 ed.
1223 829 1236 852 1
1249 828 1285 862 1,

26 865 118 904 Vol.
195 895 204 903 .

32 953 39 958 .
78 919 167 970 Pag.
185 916 270 956 108.
288 917 312 956 l.
333 930 361 956 1.
377 916 593 968 Γενομένων)
609 916 799 957 Facessent
815 918 913 964 iam,
928 919 993 970 qui
1015 919 1070 957 M.
1088 920 1183 959 Aur.
1200 920 1286 959 An-

22 973 201 1011 toninum
220 971 332 1010 nullis
348 971 564 1010 huiusmodi
578 970 924 1022 superstitionibus,
947 971 1104 1012 auclore
1123 974 1287 1026 Xiphili·

25 1038 102 1073 no,
121 1038 289 1076 unquam
315 1024 551 1064 succubuisse
572 1036 715 1075 putant.
737 1024 943 1064 Manifesto
964 1026 1023 1065 hic
1043 1027 1288 1079 deprehendi-

24 1089 87 1118 tur
107 1078 377 1130 superstitionis
389 1077 669 1118 absurdiffimae
681 1091 777 1117 reus.
792 1078 836 1117 Iu
850 1079 894 1117 iis
908 1079 1041 1128 etiam,
1063 1093 1162 1131 quae
1175 1081 1220 1119 de
1234 1081 1288 1120 le-

25 1133 142 1184 gione
154 1132 183 1170 F
187 1132 422 1170 ulminatrice
433 1132 555 1183 vulgo
568 1131 754 1178 feruntur,
768 1133 1121 1185 quomodocunque
1133 1134 1288 1175 demum

27 1185 127 1238 gesta
141 1185 224 1232 sint,
239 1196 303 1224 aut
317 1186 360 1224 ad
375 1187 537 1237 magicas
551 1195 665 1233 artes,
679 1197 744 1225 aut
758 1186 802 1225 ad
817 1186 1036 1239 religionem
1053 1188 1288 1240 incognitam

27 1238 234 1292 confugisse
249 1240 538 1291 coarguitur.V.
548 1239 660 1278 etiam
671 1239 698 1278 l.
709 1239 872 1291 Capitol,
884 1241 921 1279 in
930 1241 986 1280 M.
995 1241 1092 1290 Aur:
1105 1242 1210 1288 XIII,
1220 1243 1288 1282 ubi

28 1304 161 1333 tantum
172 1294 274 1332 huius
292 1293 368 1331 belli
383 1304 532 1333 terrorem
538 1292 645 1346 ficffe
666 1294 717 1332 ait
731 1323 742 1341 ‚
760 1306 799 1332 ut
816 1294 961 1347 undique
968 1294 1155 1346 sacerdotes
1167 1298 1287 1336 Anto-

29 1347 129 1386 ninus
142 1347 315 1393 acciverit,
333 1348 524 1399 peregrinos
538 1349 622 1385 ritus
636 1348 818 1400 impleverit
827 1376 837 1392 ,
851 1349 994 1387 Romam
1007 1350 1095 1388 omni
1104 1364 1216 1402 genere
1232 1351 1289 1388 lu·

20 1401 189 1458 straverit,
202 1400 452 1453 retardatusque
462 1417 485 1438 a
496 1401 612 1439 bellica
620 1401 819 1452 profeffione
819 1403 889 1453 fit:
905 1413 947 1440 ut
958 1414 1051 1453 ergo
1063 1403 1170 1451 haec,
1183 1416 1286 1455 quae

26 1453 89 1493 hic
101 1467 122 1494 a
134 1454 307 1494 Luciano
325 1466 542 1502 narrantur,
563 1467 640 1494 non
655 1453 726 1493 sint
739 1454 786 1493 ab
797 1454 877 1506 ipso
893 1456 1029 1494 Marco
1042 1454 1161 1502 facia,
1180 1457 1287 1509 quod

28 1507 207 1548 historiae
220 1509 334 1548 credo
358 1518 567 1561 repugnat,
587 1508 626 1546 in
650 1508 719 1547 illis
739 1518 841 1547 certe
862 1519 1055 1561 arguetur.
1078 1508 1194 1548 cons.
1210 1511 1287 1549 Ba-

28 1574 116 1601 ron.
135 1562 181 1600 ad
197 1574 255 1600 an.
274 1561 365 1601 Chr.
382 1575 469 1611 171,
486 1560 551 1607 &‚
566 1562 633 1613 qui
644 1574 731 1601 eurn
753 1563 864 1614 cuju,
888 1562 1083 1602 auetorem
1104 1564 1205 1603 vitae
1228 1563 1286 1604 M.

28 1615 161 1655 Aurei.
178 1615 361 1667 operibus
374 1615 457 1653 eius
471 1615 672 1666 praefixae.
688 1614 845 1654 δοῖ-ΑΝ.

82 1671 157 1708 ead.
170 1670 195 1708 l.
208 1684 244 1716 4.
257 1667 433 1720 Τραῦμοι)
445 1669 536 1708 Vid.
551 1668 622 1721 Ep.
639 1669 763 1708 Marci
779 1669 828 1708 ad
843 1668 989 1709 calcem
1005 1668 1124 1723 Apol.
1137 1684 1162 1719 4
1175 1669 1288 1710 Iusti—

29 1722 79 1762 ni.
95 1732 149 1762 LA
161 1721 317 1761 CRozE.

81 1777 160 1815 ibid.
176 1773 399 1828 Δισμυρίων)
416 1774 540 1815 Alite-r
554 1788 634 1815 rem
646 1786 772 1814 narrat
785 1774 814 1814 I.
829 1774 994 1828 Capitol.
1019 1776 1056 1815 in
1079 1777 1135 1816 M.
1153 1777 1289 1818 Aurei.

25 1829 123 1870 LAnt.
145 1829 253 1869 XIV.
269 1829 369 1870 Cum
391 1829 491 1869 enim
513 1829 728 1882 Aquileiam
749 1828 866 1880 usque
878 1829 1019 1869 veniffe
1038 1830 1162 1870 hostes
1179 1832 1294 1871 dixis·-

0 1891 1 1933 ξ
30 1878 105 1930 set,
120 1883 312 1923 exercitus
332 1893 477 1936 partem
492 1895 580 1922 cum
603 1882 721 1923 Furio
737 1883 943 1924 viclorino
965 1883 1160 1924 P-raefe&o
1180 1898 1290 1938 prae·

0 1945 2 1991 y
30 1938 135 1977 torio
151 1936 324 1976 interiiffe
339 1937 397 1975 ait.
414 1937 571 1976 SOLAN.

36 2026 40 2031 .
68 1993 157 2030 ead.
169 1991 194 2029 l.
210 1990 246 2030 8.
260 1992 408 2042 Κροίσου
423 1990 613 2043 χρησμον)
626 1991 678 2031 V.
692 1994 729 2029 Z.
745 1994 802 2043 Τρ.
815 2002 849 2030 c.
867 2005 927 2030 20.
939 1991 1097 2031 SOLAN.

37 2081 40 2083 .
83 2046 154 2084 ead.
175 2044 198 2082 l.
217 2057 274 2082 10.
291 2043 440 2082 Πολλῶν
454 2044 703 2098 ἑπιῤῥεόντων)
719 2044 816 2085 Cod.
832 2045 945 2097 Angl.
961 2045 1111 2085 πολλῶν
1124 2045 1186 2084 ἐπὶ
1198 2052 1290 2085 ἐπολ-

31 2096 98 2138 ,λοῦ
110 2097 358 2150 ὲιπεσρεόντων.
371 2098 541 2138 BOURD.
554 2098 707 2138 Πολλῶν
722 2098 786 2138 ἐπὶ
797 2098 951 2139 πολλοῖς
964 2100 1204 2151 ἐπεσρεὸντων
1217 2098 1290 2139 Ms.

33 2151 129 2204 Reg.
144 2165 190 2204 30
199 2165 211 2189 ι
222 2165 256 2198 1,
270 2152 459 2204 probante
469 2152 546 2191 Bel.
562 2153 610 2191 de
622 2153 716 2192 Ball.

88 2207 178 2258 Pag.
196 2218 277 2255 ¹09·
290 2206 314 2244 l.
330 2220 361 2243 2.
375 2205 693 2255 Παρακινέυνεύων
704 2207 747 2246 τὸ
763 2203 933 2258 omnem)
954 2205 1070 2259 Angl.
1090 2205 1190 2247 Cod.
1212 2221 1292 2246 πα.-

35 2259 254 2313 ροικίνὸκνων
267 2262 311 2296 το
329 2258 482 2298 ἔδεθλον.
495 2259 668 2300 BOURD.

87 2313 164 2352 ibid.
179 2312 347 2351 Ἐπελθὶν
381 2312 442 2353 Sic
456 2312 556 2353 recle
568 2314 624 2353 ed.
636 2315 667 2353 Ι.
681 2313 863 2367 vulgatae
873 2326 969 2353 vero
983 2312 1151 2353 ὑπελθὸν.
1166 2313 1293 2366 Quod

31 2366 169 2408 nullibi
184 2366 259 2405 hoc
273 2365 335 2405 sen
353 2379 378 2406 u
394 2368 574 2419 reperias,
588 2378 631 2407 ut
645 2368 858 2420 ἑπέρχομοιι
874 2367 1167 2419 frequentiffime
1177 2397 1188 2415 ,
1203 2381 1293 2408 cum

31 2421 133 2473 apud
154 2419 381 2466 Lucianum‚
396 2432 478 2459 tum
500 2422 599 2473 apud
619 2422 788 2474 optimos
804 2420 976 2474 quosque
998 2420 1154 2473 linguae
1170 2420 1296 2462 Grae-

36 2486 105 2515 cae
118 2472 501 2568 scgptoresilSorflffl.
512 2475 764 2529 Ἐπέρχεσῧοιι
777 2475 896 2527 deeo,
907 2476 1013 2568 (μιοὲ
1028 2476 1123 2514 mihi
1134 2476 1174 2516 in
1186 2488 1294 2516 men·

199 2542 286 2567 clano
346 2543 391 2567 0..
447 2556 459 2568 ο
1031 2542 1051 2568 2
