1730 3326
381 186 483 235 600
585 179 1458 230 ANNOTATIONES

381 285 479 323 4pr.
499 269 562 310 Ὦς
586 268 792 320 ἐκπέμψω
812 283 877 320 μοι
900 267 966 308 τοῦ
990 269 1176 316 βασιλέως
1196 271 1269 312 τὰς
1292 269 1516 318 {vrso-‘tomen
1545 268 1647 313 edom

381 324 724 429 ανεεζινίῗύἕ.ἰὲ.ἒϊι“ἷῖ
732 379 776 426 ὰς
786 375 884 435 ᾅε.)
902 375 1132 429 Eurip.1ph.
1148 377 1198 417 T.
1220 376 1439 431 598—603.
1465 378 1625 420 SOLAN.

440 432 533 524 laag.
551 447 568 483 3
581 445 593 468 1
603 446 637 471 2.
651 432 719 482 l.7.
736 435 801 469 Tou
813 431 894 469 καθ’
908 429 1003 479 ἡμᾶς
1017 430 1113 483 βίου)
1126 429 1243 471 Conf.
1255 430 1366 484 supra
1378 431 1549 472 Demon.
1562 445 1650 486 cap·

385 499 423 525 1.
491 496 597 524 Eth.
1049 493 1067 507 '-

438 541 511 576 ead.
530 540 552 576 l.
572 552 629 577 10.
650 535 713 575 Ὠς
730 535 896 589 άληθῶς)
917 535 1035 576 Conf.
1053 536 1080 576 st
1099 549 1240 590 operae
1262 537 1427 587 videtur,
1453 538 1473 578 s
1472 552 1565 601 upra
1579 539 1652 580 Le·

382 592 487 642 xiph.
506 605 537 631 c.
556 606 618 638 22,
640 592 684 630 de
700 590 787 630 Salt.
805 603 839 629 c.
859 606 877 628 2
896 604 946 629 m.
970 591 1153 630 Alexand.
1171 591 1234 630 61.
1257 592 1305 631 Et
1321 590 1367 630 ,ὥς
1381 593 1535 644 &uptam
1552 594 1653 633 Her·

383 657 478 686 mot.
496 658 525 685 c.
547 647 601 696 56.
620 645 680 683 Ac
693 643 862 696 Bergler.
878 645 922 683 ad
936 644 1164 696 Alciphr.1‚
1179 644 1247 697 Ep.
1261 658 1310 697 30
1330 645 1355 684 f.
1381 646 1531 685 ΚΕΗ-ί.

438 700 516 738 ibid.
531 698 673 751 Σοφῶν)
689 697 927 737 Callimacho
940 698 1070 736 tribuit
1082 698 1286 744 Stobaeus,
1298 700 1399 751 apud
1415 713 1530 753 quem
1544 701 1650 754 prior

386 753 520 793 versus
536 765 614 791 non
628 753 759 790 exstat.
785 751 872 790 Vid.
885 751 998 791 Grot.
1012 751 1040 789 F
1043 752 1114 791 lor.
1130 765 1219 800 477.
1245 752 1403 792 SOLAN.

445 809 535 858 Pag.
553 820 639 858 313·
654 806 676 843 l.
688 819 720 843 2.
734 804 929 856 Σωκράτης
943 804 1181 857 σοφώτατος)
1192 804 1354 845 Oraculi
1370 807 1445 846 hoc
1457 806 1503 846 de
1516 806 1653 848 Socra-

384 871 425 900 te
441 859 622 913 ἒγκώμιον
641 859 840 897 habuimus
855 859 970 896 etiam
992 858 1123 910 supra,
1143 860 1188 897 de
1203 858 1292 898 Salt.
1307 859 1323 909 §
1341 873 1386 913 25
1407 873 1464 914 pr.
1481 861 1654 902 Habebi-

385 927 473 953 mus
485 913 612 953 rursus
633 911 779 950 infrain
799 911 911 951 Rhet.
929 912 1082 964 praec.§
1103 925 1160 966 ¹3·
1182 912 1329 952 Rmz.

439 970 511 1006 ead.
530 969 554 1006 l.
573 966 679 1014 5.‘¹O;
695 966 765 1003 ὑπὸ
777 966 850 1015 μιᾳ
864 966 959 1018 χλ.)
975 966 1073 1004 Vide
1089 970 1124 1004 B.
1142 981 1263 1017 πρασ,
1279 980 1311 1006 c.
1327 978 1390 1017 15,
1406 967 1448 1007 δι
1465 979 1566 1019 quae
1578 967 1654 1010 illic

386 1035 410 1061 a
425 1035 486 1061 me
499 1031 679 1060 annotata
697 1019 794 1058 sunt.
807 1019 963 1058 Some.
990 1019 1135 1058 Alludit
1153 1020 1199 1058 ad
1212 1020 1246 1059 id
1259 1020 1428 1072 Alciphr.
1443 1019 1481 1068 1,
1501 1021 1568 1074 Ep.
1588 1020 1654 1074 38,

382 1090 424 1128 p.
445 1077 533 1124 176,
549 1073 734 1114 scribens:
759 1073 846 1110 ἀλλ’
875 1069 947 1111 ὑπὶ)
969 1069 1102 1122 τοῦμὸν
1119 1070 1268 1125 ἠγάπα.
1285 1074 1485 1124 κοιμωμένη
1511 1075 1654 1125 χλανί-

383 1144 497 1169 cmv.
509 1129 586 1169 Ubi
596 1127 763 1179 Bergler.
775 1126 941 1166 adduftis
953 1126 1009 1166 his
1024 1127 1179 1166 Luciani
1192 1128 1319 1167 verbis
1331 1137 1457 1177 notat,
1473 1129 1571 1168 male
1584 1141 1655 1181 po-

383 1183 544 1222 steriora
559 1195 580 1221 a
594 1179 804 1221 Benedieto
817 1178 1002 1219 conversa
1021 1179 1107 1226 effe,
1120 1182 1178 1234 qui
1189 1181 1258 1232 sub
1271 1197 1339 1220 una
1355 1183 1530 1235 eademque
1538 1184 1657 1235 patris

383 1237 581 1288 chlamyde,
602 1233 707 1287 quasi
727 1234 789 1272 illa
801 1233 975 1286 chlamys
995 1235 1110 1287 patris
1123 1233 1249 1274 nescio
1264 1236 1376 1275 cuius
1400 1234 1539 1282 fuerit,
1561 1247 1655 1276 cum
1720 1234 1723 1236 ’

382 1289 507 1330 castus
530 1289 687 1329 somnus
712 1287 957 1340 intelligatur,
982 1299 1024 1327 ut
1049 1298 1151 1340 patet
1172 1288 1339 1328 Platonis
1366 1288 1470 1328 illum
1494 1289 1655 1338 locum,
1728 1285 1730 1330 ἓ

384 1356 503 1398 quent
519 1356 566 1383 ex
579 1344 661 1382 eius
672 1342 849 1394 Sympos.
863 1339 994 1387 affert,
1012 1342 1170 1381 ulterius
1183 1342 1334 1395 legenti,
1346 1341 1518 1394 philostr.
1537 1342 1654 1396 Epist.

384 1413 454 1447 44,
466 1400 502 1438 ina
517 1395 706 1450 πτωχὶςὸ
722 1393 936 1446 Σωκράτης,
949 1395 1042 1434 ἀλλ’
1056 1393 1271 1448 ὑπέτρεχεν
1283 1394 1401 1435 aava
1416 1397 1481 1435 τῖιν
1492 1398 1655 1449 τρίβωνι

386 1451 405 1490 ὁ
421 1450 599 1491 ’πλούσιος
614 1449 856 1494 Ἀλκιβιίιὲης
877 1448 953 1488 διε.
978 1449 1092 1489 Addo
1107 1449 1228 1490 Corn.
1249 1450 1348 1503 Nep.
1367 1449 1491 1489 Alcib.
1504 1462 1589 1503 cap.
1606 1465 1628 1490 2
1644 1465 1655 1492 :

385 1506 525 1545 Ineunte
546 1503 765 1556 adolescentia
779 1514 914 1542 amatus
935 1504 978 1556 est
993 1519 1016 1541 a
1040 1504 1155 1542 multis
1168 1519 1256 1544 more
1271 1506 1477 1544 Graecorum
1487 1518 1499 1542 .·
1518 1505 1555 1543 ἱη
1567 1504 1611 1544 iis
1629 1520 1653 1543 a

387 1563 542 1605 Socrate,
554 1563 593 1598 de
604 1574 667 1612 quo
679 1557 870 1597 mentionem
876 1556 969 1607 fhcit
984 1558 1086 1596 Plato
1096 1558 1133 1596 in
1141 1560 1332 1612 Symposio.
1345 1559 1503 1611 Namque
1512 1573 1586 1598 eum
1599 1559 1654 1597 in-

385 1615 490 1652 duxit
503 1623 816 1660 commemorantem,
823 1611 862 1662 se
873 1611 1072 1664 pernot‘laffi
1085 1627 1159 1651 cum
1171 1613 1323 1661 Socrate,
1333 1627 1437 1666 neque
1448 1612 1547 1652 aliter
1557 1613 1602 1651 ab
1612 1627 1651 1652 eo

378 1667 574 1721 surrextſje,
587 1683 629 1706 ac
634 1667 736 1717 filius
749 1682 772 1704 a
780 1677 914 1718 parente
928 1666 1081 1704 debuerit.
1104 1665 1247 1706 Rnrz,

439 1724 513 1760 ead.
531 1716 769 1774 ἰ.9.,”Ερχιος)
786 1718 894 1770 Quis
905 1717 957 1758 est
971 1720 1032 1758 ille
1048 1719 1230 1760 Erchius?
1246 1718 1466 1775 Xenophon
1483 1730 1594 1772 puto,
1607 1719 1654 1761 de

385 1789 470 1829 quo
481 1775 677 1827 Diogenes
691 1774 876 1820 Laertius,
887 1772 1050 1822 Ξενοφῶν.
1058 1773 1215 1824 Γρύλλου
1227 1774 1294 1824 μὲν
1311 1776 1347 1813 ἢν
1361 1772 1447 1820 υἱὸς,
1458 1772 1656 1821 Ἀθηναῖος,

385 1830 462 1869 τῶν
475 1827 601 1880 δήμων
614 1828 794 1880 Ἐρχιεύς.
816 1827 966 1880 Nempe
987 1829 1127 1880 poetae
1138 1828 1292 1878 ’Ἐρχιος
1305 1826 1379 1875 est,
1398 1827 1464 1880 qui
1477 1827 1567 1868 alias
1580 1827 1656 1879 'Ep-

387 1884 500 1938 χιεὺς
514 1883 695 1923 dicendus
706 1892 800 1921 erat.
825 1881 991 1934 Reliqua
1004 1882 1049 1920 de
1063 1893 1162 1934 pago
1181 1881 1331 1933 Ἐρχεία
1342 1881 1443 1920 dabit
1463 1880 1657 1922 Meurfius

386 1940 428 1978 in
444 1937 601 1990 reliquis
615 1937 752 1976 Atticis
765 1935 811 1975 C.
825 1934 861 1974 S.
879 1934 1001 1974 Porro
1016 1935 1062 1974 ad
1075 1948 1164 1973 eum
1184 1933 1402 1987 praesertim
1415 1935 1658 1988 Xenophon-

385 1993 435 2033 tis
454 1993 585 2032 locum
612 1989 811 2044 respexiffe
823 1989 976 2029 videtur
987 1989 1266 2036 Callimachus,
1287 1989 1407 2042 (inter
1427 1989 1540 2029 cuius
1554 1989 1656 2041 frag-

369 2081 371 2083 ,
386 2058 516 2087 menta
540 2045 662 2086 sedem
685 2043 799 2084 CVII
821 2043 910 2083 huic
930 2043 1130 2096 aflignavit
1154 2042 1377 2096 Bentleius)
1399 2043 1467 2096 qui
1496 2043 1657 2083 habetur

386 2102 558 2141 Memor,
570 2099 676 2140 Socr.
691 2099 732 2146 Ι,
747 2112 796 2150 29
814 2096 889 2150 seq.
914 2097 980 2137 ubi
996 2108 1187 2143 narratur,
1200 2097 1339 2150 quibus
1354 2096 1458 2149 quafi
1477 2097 1659 2149 gradibus

387 2156 439 2194 ab
455 2156 610 2207 impuro
625 2155 664 2193 δι
678 2152 810 2199 suillo,
827 2162 870 2191 ut
885 2151 934 2190 ibi
950 2164 1129 2197 vocatur,
1153 2151 1392 2203 Euthydemi
1413 2163 1548 2191 amore
1561 2150 1656 2191 Cri-

386 2210 478 2250 tiam
492 2221 679 2250 revocare
692 2206 868 2247 Socrates
881 2205 1065 2245 voluerit.
1085 2205 1211 2246 stw.

438 2267 513 2304 ead.
529 2265 552 2303 l.
570 2277 628 2303 to.
646 2260 826 2314 Ἐρέιοιτε)
842 2259 955 2313 Angl.
976 2259 1135 2311 ἑρόωντε.
1158 2256 1332 2299 BOURD.

439 2320 515 2359 ead.
527 2319 550 2357 l.
570 2331 625 2357 12.
638 2314 789 2368 Εἵνεκα)
804 2315 1002 2354 Poeticum
1018 2313 1090 2353 effe
1106 2314 1211 2353 aiunt
1224 2312 1520 2366 Lexicographi3
1538 2311 1655 2366 iisque

362 2374 365 2376 ’
387 2385 491 2415 certe
504 2370 742 2424 frequentius
754 2399 766 2416 ‚
783 2382 898 2422 quam
914 2366 1046 2420 prosae
1060 2367 1319 2420 scriptoribus.
1342 2366 1436 2407 Ideo
1449 2378 1578 2418 tamen
1592 2367 1656 2408 hic

387 2428 481 2469 nihil
495 2437 621 2466 muto.
647 2423 749 2465 Nam
762 2424 800 2463 δι
813 2423 914 2476 apud
927 2421 1108 2462 Nostrum
1125 2421 1222 2462 infra
1235 2422 1282 2461 de
1293 2421 1380 2461 Dea
1392 2421 1480 2472 Syr.
1494 2434 1580 2474 cap.
1594 2435 1658 2470 14,

389 2482 454 2527 nal
466 2480 692 2535 Σεμιράμιος
703 2477 838 2522 εἵνεκα.
847 2478 997 2518 Verum
1012 2476 1064 2516 ibi
1076 2476 1208 2518 Ionica
1218 2475 1399 2517 Dialekm
1412 2476 1602 2530 loquitur,
1614 2475 1659 2517 &
