1730 3326
406 235 499 300 364
594 235 1472 287 A‘NNOTATIONES

401 323 592 377 persaepe,
608 337 651 365 ut
664 326 784 365 Evan.
799 326 892 366 Luc.
906 340 943 373 2,
956 339 994 364 v.
1014 340 1050 378 3,
1069 325 1274 376 ἐπορεύοντο
1288 327 1429 366 πάντες
1442 323 1663 381 ἀπογράφε-

401 381 509 416 σῧοιι.
522 379 576 417 At
587 379 678 418 haec
693 381 863 418 tironum
878 380 1008 432 gratia.
1033 379 1178 418 REITZ.

458 431 547 485 Pag.
566 433 659 485 13.l.
675 448 711 481 4.
728 432 1060 484 Διαλλοὶττοντοις)
1086 431 1187 471 Cum
1208 432 1296 472 nihil
1312 433 1460 472 variant
1471 433 1554 473 edd.
1570 434 1663 487 quid

401 497 502 535 opus
518 484 570 524 est
584 486 658 526 hoc
671 486 825 526 addere?
840 486 936 526 Nam
951 485 1140 524 silentium
1156 486 1205 524 ibi
1218 484 1303 525 satis
1315 487 1500 538 loquitur,
1515 487 1579 526 i.e.
1595 487 1663 527 ubi

401 538 492 577 nihil
509 549 707 586 notamus,
721 540 755 577 id
776 539 913 579 indicio
925 538 992 584 est,
1005 552 1067 578 eas
1080 540 1296 578 convenire.
1320 540 1466 578 Verum
1487 538 1580 579 solet
1593 540 1667 580 So-

403 591 515 631 lanus
528 592 654 631 noster
666 592 714 632 sic
728 592 931 632 observare
944 591 1167 632 consensum
1178 622 1190 638 ‚
1216 592 1369 643 quando
1383 592 1587 645 suspicatur
1604 594 1668 633 ali-

403 658 462 685 ter
485 644 588 698 poffe
603 646 688 698 legi.
704 647 767 685 An
788 647 914 698 igitur,
931 647 1021 698 quia
1045 646 1078 684 id
1093 645 1185 684 olim
1203 646 1423 684 vertebatur
1435 646 1641 698 abfhlventes
1652 678 1667 694 ‚
1729 668 1730 673 =

403 699 503 738 aliud
519 699 681 738 verbum
704 699 836 738 maluit
849 730 860 747 ‚
879 712 967 738 cum
986 698 1211 738 ὃσαλοὶττειν
1225 711 1424 748 permutare,
1447 700 1488 738 &
1502 701 1668 739 concilia-

403 768 434 790 re
453 751 661 804 significet?
686 765 821 791 verum
847 765 932 792 cum
948 751 1062 791 status
1078 753 1397 804 permutationem
1419 764 1550 798 notet,
1566 753 1667 794 dices

400 806 513 844 etiam
531 806 806 844 immunitatem
822 819 842 844 a
860 819 983 858 poena
996 804 1231 857 significare,
1256 806 1322 844 ubi
1342 818 1489 857 poenae
1503 807 1668 859 opponi-

400 869 476 897 tur.
498 859 552 898 At
570 859 636 911 qui
652 858 768 898 status
780 860 1099 911 permutationem
1116 858 1232 906 subit,
1255 859 1318 899 ille
1333 858 1588 906 samin-rea,
1605 860 1668 901 ille

403 923 524 951 mutat
537 913 817 960 conditionem,
831 913 1005 965 adeoque
1019 913 1072 951 ibi
1085 911 1210 951 forsan
1223 912 1481 952 difficultatem
1495 914 1589 952 vidit
1601 913 1670 953 Sb-

401 966 511 1005 lanus
529 965 670 1011 noster,
687 979 773 1006 cum
790 966 979 1006 Lucianus
997 966 1056 1006 hic
1070 965 1263 1005 transitive
1277 968 1331 1005 uti
1344 966 1419 1006 hoc
1432 966 1625 1013 videatur,
1638 966 1666 1007 st

401 1033 474 1072 pro
487 1019 655 1071 absolvere
666 1021 715 1058 ali
737 1033 809 1059 uem
821 1019 909 1059 usus
923 1020 975 1059 est
986 1050 997 1065 ‚
1011 1020 1044 1058 id
1058 1019 1162 1072 quod
1176 1018 1379 1058 sententiae
1392 1020 1564 1073 apprime
1575 1032 1668 1060 con-

403 1075 567 1119 veniret,
587 1037 795 1126 meliulZJue
804 1072 1044 1126 responderet
1057 1071 1255 1124 praemisso
1265 1073 1423 1112 λύεσῦοιι
1435 1073 1518 1113 τοὺς
1529 1074 1668 1123 νόμους·

399 1140 489 1166 nam
507 1126 531 1165 s1
552 1128 760 1166 reconciliare
772 1126 975 1179 significet,
999 1128 1037 1166 in
1056 1139 1105 1166 eo
1121 1127 1221 1166 dicas
1234 1139 1311 1166 non
1325 1125 1400 1166 effe
1414 1126 1540 1179 legum
1553 1126 1668 1167 diffo-

406 1181 608 1220 lutionem.
626 1179 747 1232 Supra
761 1181 910 1233 quidem
925 1181 1050 1233 differre
1062 1179 1245 1234 significat
1256 1210 1267 1227 ‚
1291 1179 1481 1220 Prometh.
1495 1193 1527 1221 c.
1545 1194 1577 1220 1.
1592 1180 1670 1221 Ubi

402 1235 481 1272 vid.
497 1246 627 1272 notam
650 1233 839 1273 Lamberti
858 1234 948 1274 Bos.
972 1235 1096 1274 Immo
1119 1235 1323 1286 plurimum
1339 1234 1514 1273 conciliare
1538 1245 1669 1280 notat,

401 1287 478 1326 vid.
490 1287 759 1337 Thucyd.V1,
780 1299 861 1339 cap.
877 1301 942 1336 47,
963 1287 1161 1340 Aristoph.
1175 1286 1292 1341 Vesp.
1307 1287 1471 1341 1385,&
1487 1287 1574 1326 alibi
1591 1287 1670 1327 fre·-

397 1352 564 1393 quenter
578 1341 652 1379 hoc
667 1339 876 1392 significatu
889 1342 990 1393 apud
1005 1353 1230 1394 utrumque:
1245 1354 1364 1394 quare
1376 1341 1417 1380 δι
1428 1341 1488 1380 hic
1506 1341 1556 1381 fic
1568 1342 1671 1381 acci-

402 1407 496 1448 pere
507 1394 630 1433 licebit
644 1406 734 1433 cum
749 1393 935 1439 Gesnero,
945 1407 1073 1447 eoque
1088 1396 1223 1447 magis,
1235 1396 1340 1446 quod
1354 1407 1434 1434 non
1451 1394 1671 1447 respiciatur

403 1448 448 1486 ad
463 1460 616 1486 omnem
632 1447 756 1500 legum
775 1446 1055 1487 dissolutionem
1069 1478 1080 1495 ‚
1094 1448 1154 1487 sed
1166 1449 1210 1486 ad
1228 1449 1328 1488 hunc
1339 1448 1590 1487 abdicationis
1603 1461 1673 1488 ca·-

401 1500 499 1547 sum,
512 1514 555 1541 ac
568 1501 803 1554 ἒιοιλλοιγὴν,
814 1502 1165 1541 reconciliationem
1180 1514 1267 1541 cum
1277 1501 1371 1548 filio,
1383 1512 1426 1541 ut
1444 1500 1521 1554 ipse
1535 1502 1673 1542 indicat

400 1568 484 1606 cap.
496 1553 689 1607 sequente.
703 1556 882 1608 Cumque
892 1555 953 1594 illa
966 1554 1167 1608 ὃιοιλλοιγῆ
1188 1555 1338 1594 aboleat
1354 1554 1547 1608 pristinum
1560 1556 1668 1594 abdi-

401 1609 561 1649 cationis
573 1609 768 1648 decretum
780 1639 790 1655 ‚
814 1609 915 1648 refile
937 1622 1097 1662 quoque
1119 1608 1170 1648 fic
1186 1608 1386 1662 respondet
1405 1607 1458 1656 τῷ
1473 1609 1571 1648 λύειν
1585 1608 1673 1648 τοὺς

401 1662 542 1711 νόμους·
555 1661 719 1702 dissolvit
733 1663 849 1709 enim,
865 1663 970 1715 quod
986 1675 1072 1702 ante
1088 1662 1270 1702 statutum
1287 1674 1381 1702 erat.
1406 1663 1562 1702 Interim
1576 1664 1616 1702 &
1632 1663 1674 1701 li-

401 1718 527 1761 horare,
538 1716 717 1768 absolvere,
730 1729 807 1755 non
818 1715 908 1756 effet
924 1717 1180 1769 incongruum
1196 1730 1206 1764 ;
1228 1729 1312 1755 narn
1327 1716 1377 1755 fic
1391 1729 1482 1755 mox
1503 1729 1588 1768 cap.
1610 1729 1672 1765 14,

402 1769 476 1809 τῶν
491 1766 590 1808 οὕτω
605 1769 729 1809 δεινῶν
741 1771 1061 1821 ἀπηλλαγμένος,
1087 1771 1191 1809 tantis
1202 1771 1300 1808 malis
1314 1771 1452 1820 solutus
1471 1769 1671 1822 significat.

401 1822 477 1863 Pro
493 1823 643 1876 efficgere,
662 1825 850 1876 praeterire,
867 1824 988 1862 media
1012 1823 1136 1863 forma
1151 1825 1340 1863 Aretaeus
1360 1823 1571 1876 Cappadox
1589 1824 1631 1863 L.
1651 1823 1670 1863 1

402 1877 489 1928 Περὶ
501 1878 707 1928 ὃεροιπείοις
715 1877 818 1930 ὀξέων
827 1876 956 1916 παθῶν
977 1890 1010 1917 c.
1033 1891 1078 1916 10
1092 1876 1159 1916 fin.
1172 1877 1207 1916 Ei
1221 1878 1300 1928 γάρ
1312 1891 1407 1916 τινες
1420 1878 1497 1915 ἀπὸ
1509 1875 1671 1929 ψυχροῦ

401 1930 669 1983 διηλλάξαντο
684 1934 744 1969 τον
756 1931 928 1970 κίνὲυνον.
946 1930 991 1970 Et
1006 1943 1054 1969 ne
1073 1931 1203 1970 credas
1216 1931 1355 1977 forsan,
1377 1930 1427 1970 ibi
1443 1929 1670 1982 ὃιίτλλοιντο,

404 1985 649 2035 tranfiliemnt,
671 1985 892 2038 legendum,
918 1985 955 2022 in
977 1985 1062 2024 edit.
1086 1984 1221 2024 Oxon.
1248 1985 1395 2024 additus
1411 1982 1466 2023 est
1489 1984 1672 2036 Xenopb.

407 2051 481 2090 517
501 2039 544 2078 Β.
564 2037 787 2091 ἓιοιλλοὶξοις
813 2037 1062 2088 Μοικεέονίοιν,
1078 2040 1295 2090 praeteriens,
1316 2040 1479 2090 transiens
1503 2040 1673 2078 Macedo·

407 2093 510 2131 niam.
536 2091 683 2131 REITZ.

458 2147 567 2184 add.
589 2160 647 2193 14.
664 2143 1062 2196 Προὲεὲοιποινημένη)
1087 2145 1177 2185 Non
1200 2145 1377 2185 haesitavi
1401 2144 1477 2186 hoc
1498 2146 1669 2198 recipere

404 2211 454 2239 ex
474 2211 550 2238 una
564 2199 768 2239 collatione
784 2200 821 2238 in
838 2213 956 2252 marg.
971 2199 1130 2239 Aldinae
1140 2199 1465 2252 Wess'elinganae,
1485 2211 1573 2238 cum
1587 2199 1670 2238 edd.

405 2254 534 2292 minus
547 2264 633 2305 apte
646 2253 829 2293 haberent
845 2252 1088 2305 προσὸεέοιπ.
1114 2254 1202 2293 Hoc
1218 2254 1316 2292 enim
1339 2252 1483 2293 sensum
1505 2252 1673 2305 postula·

406 2319 449 2346 re
459 2337 468 2353 ,
485 2306 658 2357 pristinus
673 2308 748 2346 iam
764 2305 872 2346 sensit
884 2308 1084 2359 interpres,
1096 2319 1251 2346 vertens
1262 2336 1274 2353 ,
1287 2319 1364 2346 ante
1374 2307 1561 2358 consumta.
1576 2306 1671 2346 Sen-

405 2358 451 2398 sit
466 2360 561 2399 idem
577 2359 690 2401 Gesn.
710 2373 753 2400 ut
770 2373 817 2399 ex
834 2362 916 2400 eius
930 2360 1108 2401 versione
1121 2372 1299 2413 apparet:
1326 2360 1367 2400 δι
1381 2361 1470 2400 licet
1484 2359 1670 2409 moa-828.

406 2427 566 2466 quoque
578 2426 628 2454 eo
643 2414 739 2453 trahi
757 2413 880 2466 poffit,
894 2415 1057 2453 alterum
1071 2427 1197 2454 tamen
1213 2414 1346 2454 melius
1359 2413 1433 2454 effe
1447 2413 1669 2453 diffitebitur
1683 2457 1685 2460 Α
1728 2444 1730 2452 .

408 2479 545 2506 nemo:
565 2469 675 2520 quin,
690 2467 717 2506 fi
733 2468 835 2520 prior
851 2467 966 2507 leffio
979 2468 1175 2507 retinenda
1191 2467 1304 2516 foret,
1319 2467 1375 2509 ἔτι
1389 2466 1672 2521 προσὲεὲοιπον-

408 2524 533 2574 vim-{vn
545 2522 672 2575 potius
682 2522 886 2564 dicendum
896 2521 1030 2563 fuisset.
1051 2521 1196 2562 Rtxrz.
