1730 3326
410 245 502 297 ςῳ
607 229 1477 281 ANNOTATIONES

462 318 550 370 Pag.
566 316 629 369 65.
642 317 664 355 l.
681 331 713 355 1.
725 314 964 370 Τιλλιβόρου)
980 315 1110 355 Huius
1123 328 1168 354 :in
1182 317 1422 358 meminerint
1434 317 1497 357 alii
1508 316 1670 372 scripto³

406 383 487 417 res,
503 383 564 410 me
579 370 678 410 latet.
691 369 848 409 Socim.

459 425 534 462 ead.
551 425 574 461 l.
585 439 621 471 4.
635 419 686 461 Οὐ
701 423 836 462 Μηνύειν
846 421 977 475 μόνην)
992 421 1109 474 Quae
1122 421 1164 461 sit
1178 421 1240 461 illa
1256 423 1397 476 Minya
1409 424 1518 476 regio
1527 455 1538 471 ‚
1555 425 1668 466 iuxta

405 490 494 517 cum
518 475 752 530 ignarissimis
774 477 924 529 ignoro.
947 478 1086 516 Μινύας
1107 474 1162 528 ’γῆ
1177 475 1274 515 dieta
1289 477 1341 516 est
1365 479 1567 529 aliquando
1584 478 1666 518 Or·

405 530 617 571 chomenus
630 531 666 568 in
687 530 850 569 Boeotia
860 559 871 575 ,
886 528 945 568 sed
959 542 1073 582 quam
1089 529 1152 568 lon
1182 542 1203 569 e
1216 530 1264 569 ab
1274 529 1385 575 Afia,
1401 541 1488 570 toto
1503 532 1666 584 Aegaeo

406 585 501 623 mari
516 583 783 629 intercedente,
794 583 919 622 nullus
930 584 1093 635 ignorat.
1105 583 1146 621 In
1189 583 1384 636 amphylia
1395 583 1464 624 fuit
1475 585 1666 637 quaedam

403 639 512 691 regio
524 669 535 686 ‚
549 650 650 689 quae
669 640 793 675 Mum:
806 636 1017 682 dicebatur,
1035 649 1113 675 non
1129 637 1276 677 Μινύαις.
1299 637 1370 676 Sed
1388 637 1429 677 &
1444 638 1535 677 haec
1552 638 1667 677 nimis

404 690 522 744 longe
542 692 589 730 ab
604 693 663 729 lda
677 690 714 729 δι
732 689 846 737 locis,
867 689 930 728 ubi
947 690 1009 729 sua
1027 689 1224 729 latrocinia
1239 691 1441 730 exercebat
1454 691 1667 731 Tilliborus

403 744 478 783 ille.
500 745 586 790 Tu,
613 742 771 789 metor,
798 742 826 782 si
850 743 942 782 mihi
965 744 1106 789 credis,
1130 743 1230 795 leges
1252 742 1486 784 confidenter
1509 748 1670 786 Muciam·

403 797 504 837 Nam
522 797 675 848 Mysiae
691 797 914 849 provinciae
930 809 1041 835 mons
1060 797 1124 835 Ida
1138 807 1217 835 erat
1234 797 1272 835 in
1293 796 1404 844 Afia,
1419 797 1446 836 st
1466 797 1578 838 Afiae
1593 811 1669 837 vo·

404 863 488 890 cem
503 851 615 890 latius
629 850 812 902 accipias,
828 850 867 889 δι
887 850 973 889 satis
993 851 1117 889 vicina
1133 849 1243 889 Aliae
1260 852 1412 903 proprie
1426 851 1556 890 dietae.
1571 851 1667 891 Ideo

403 905 506 943 nulla
521 905 572 944 est
595 906 692 945 ratio
715 904 926 951 dubitandi,
941 904 1036 956 quin
1056 903 1185 943 nostra
1209 904 1425 945 emendatio
1443 904 1488 943 fit
1512 918 1603 945 vera
1621 904 1665 946 δε
1728 919 1730 962 j

401 959 539 1018 proba.
556 958 688 999 PALM.
703 957 770 996 Τὴν
788 956 852 997 τῆς
867 959 1047 1010 Φρυγίας.
1061 957 1187 1011 Steph.
1204 957 1372 998 GUYET.
1388 958 1526 998 Eadem
1542 968 1637 997 nota
1649 986 1666 1005 ‚

402 1010 527 1050 iisdem
544 1013 671 1052 verbis
687 1012 724 1051 in
737 1013 795 1051 ed.
814 1010 958 1051 GraeV.
973 1012 1154 1063 Menagio
1169 1010 1402 1061 adscribitur,
1416 1024 1531 1065 quam
1547 1012 1668 1052 modo

402 1077 450 1104 ex
464 1065 613 1117 Guyeti
629 1077 722 1105 nott.
741 1064 826 1104 Mff.
840 1066 1018 1105 exhibeo.
1031 1065 1179 1105 Rmz.

455 1119 533 1158 ibid.
547 1120 704 1172 Μινὼαν)
715 1118 937 1159 Scholiastes
952 1119 1013 1159 hic
1027 1120 1217 1170 legendus.
1232 1118 1302 1158 Sed
1315 1117 1419 1171 prior
1431 1117 1491 1158 ille
1505 1118 1668 1171 Minyas

401 1174 502 1223 apud
517 1174 733 1212 Homerum
750 1174 787 1211 in
803 1173 924 1212 catal.
943 1187 981 1211 v.
999 1172 1044 1211 18
1065 1175 1103 1212 in
1116 1173 1279 1213 Boeotia
1298 1171 1373 1220 est,
1391 1183 1507 1225 atque
1530 1172 1625 1212 adeo
1640 1184 1668 1214 a

399 1225 615 1278 posteriore
628 1239 705 1264 non
721 1226 904 1265 diversus.
919 1226 1077 1266 SOLAN.

454 1281 563 1319 ead.1'.
580 1293 638 1331 13.
653 1279 888 1332 Πρόσῦετον)
905 1279 1127 1331 Quomodo
1149 1280 1184 1318 id
1199 1277 1469 1332 deprehensum
1485 1277 1551 1327 sit,
1565 1277 1664 1319 infra

398 1334 569 1371 narrabit
581 1346 649 1383 cap
678 1346 736 1382 59.
751 1333 814 1372 Sic
832 1332 948 1383 κομῶν
964 1336 1181 1384 προσ-θέσεις
1200 1333 1296 1372 inter
1309 1333 1505 1372 muliebria
1515 1332 1665 1371 lenoci-

397 1385 463 1423 nia
477 1388 576 1440 apud
592 1385 856 1426 philostratum
872 1386 1116 1426 recensentur
1134 1399 1217 1440 pag.
1229 1400 1321 1438 931,
1334 1386 1400 1425 ubi
1417 1387 1603 1438 interpres
1618 1386 1663 1427 &

398 1437 500 1479 hunc
513 1440 668 1480 Luciani
681 1441 809 1479 locum
824 1439 993 1493 apposite
1004 1440 1154 1480 adducit
1171 1442 1211 1480 &
1224 1439 1346 1480 Clem.
1359 1439 1565 1479 Alexandr.
1575 1439 1664 1481 Pae·

398 1492 481 1545 dag.
494 1493 533 1541 Ι,
549 1509 585 1547 3,
602 1508 638 1546 p.
652 1493 739 1533 2¹8.
752 1494 910 1535 Sol-AN.

451 1550 525 1587 ead.
537 1550 558 1586 l.
579 1561 591 1585 ι
605 1561 635 1596 5.
648 1551 693 1584 Τὸ
706 1548 862 1601 γοργὸν)
877 1551 920 1586 Γο
935 1548 1078 1595 σεμιὼν,
1092 1546 1249 1599 φοβερόν.
1261 1546 1429 1587 GUYET.

453 1601 544 1654 Pag.
560 1601 621 1641 66.
643 1602 666 1639 l.
683 1617 721 1649 4.
739 1603 805 1640 Ζειὶ
827 1601 1091 1654 ἀποτρόπαιε)
1117 1601 1237 1640 Recte
1260 1599 1466 1640 secundum
1485 1599 1662 1640 Theolo··⁴

395 1652 498 1706 giam
514 1655 725 1707 gentilium.
743 1654 867 1707 Quod
883 1667 1008 1695 autem
1025 1655 1203 1694 Clemens
1216 1654 1331 1694 Alex.
1346 1668 1388 1694 12
1399 1685 1410 1702 ‚
1425 1669 1446 1694 2
1458 1684 1471 1700 ,
1485 1677 1528 1685 —
1545 1654 1660 1696 habet

395 1714 680 1759 προτροπαῐους,
696 1708 916 1749 mendosum
930 1708 999 1758 est,
1013 1708 1054 1749 &
1068 1710 1201 1761 ἁποτρ,
1215 1708 1427 1761 legendum.
1440 1707 1566 1760 Quod
1579 1708 1660 1748 dili-

394 1772 545 1814 gentem
561 1762 603 1802 &
617 1762 805 1801 eruditum
821 1764 902 1802 eius
914 1764 1101 1802 editorem
1118 1775 1196 1802 non
1209 1761 1345 1813 fugiet,
1356 1762 1484 1802 credo.
1497 1761 1660 1803 Socim.

449 1819 523 1854 ead.
539 1816 561 1852 l.
587 1830 618 1867 5.
644 1817 837 1866 Πολεμίοις
851 1816 868 1870 )
890 1816 950 1856 Sic
965 1815 1066 1856 Gall.
1081 1816 1097 1866 §
1117 1829 1164 1868 30
1176 1846 1188 1861 ‚
1203 1814 1347 1866 ἐχθροῖς
1370 1812 1466 1854 οὕτω
1479 1815 1659 1856 πλουτεῖν

394 1869 552 1923 γένοιτο.
576 1869 799 1921 Aeschylus
822 1870 1014 1909 Prometh.
1044 1869 1159 1908 vinci.
1178 1870 1243 1919 Ἐρ.
1266 1868 1411 1920 χλιέᾄν
1433 1868 1555 1908 ἔοικας
1577 1869 1658 1909 τοῖς

392 1921 554 1973 παροῦσι
574 1921 740 1972 πήμασι.
755 1928 820 1976 Πρ.
842 1923 997 1977 χλιδῶ
1011 1922 1233 1976 χλιὸἇὶντας
1253 1919 1327 1962 ὧὲε
1347 1922 1433 1963 τοὺς
1449 1921 1558 1971 ἐμοὺς
1575 1923 1655 1976 ἐγὼ

392 1975 567 2027 Ἐχθροὺς
588 1977 717 2028 ιὲοιμι.
733 1977 790 2017 Ex
810 1990 892 2030 quo
913 1977 1030 2017 Plaut.
1049 1976 1155 2015 Asin.
1173 1976 1260 2016 Αὲὶ.
1277 1992 1312 2030 3,
1327 1976 1388 2016 Sc.
1401 1977 1568 2029 Agedum.
1581 1978 1655 2018 Ar.

393 2030 502 2078 Hem,
514 2031 677 2083 adspeHa‚
690 2034 805 2072 rideo?
819 2032 946 2071 utinam
965 2031 1054 2070 male
1071 2032 1127 2082 qui
1139 2031 1221 2070 mihi
1233 2032 1423 2082 volunt,fic
1434 2031 1575 2069 rideant.
1587 2030 1653 2072 Sic

393 2083 549 2124 Terent.
565 2085 735 2125 Eunuch.
754 2085 839 2125 Aa.
854 2100 899 2134 4.
914 2085 973 2125 Sc.
995 2100 1028 2138 3.
1044 2084 1170 2123 Albin.
1185 2083 1302 2125 Cons.
1319 2084 1364 2122 ad
1382 2084 1467 2123 Liv.
1490 2086 1584 2123 Urbs
1598 2099 1654 2138 ge·

393 2138 474 2185 mit,
488 2139 522 2177 δ’
535 2139 667 2178 vultum
686 2139 880 2191 miserabilis
895 2140 1006 2178 induit
1021 2155 1135 2178 unum.
1153 2138 1319 2177 Gentibus
1329 2139 1477 2190 adversis
1482 2136 1600 2188 forma
1601 2140 1653 2190 fit

390 2193 452 2232 illa
462 2223 473 2238 ‚
482 2208 609 2244 precor.
623 2192 723 2233 ldem
737 2192 864 2232 Albin.
876 2195 1002 2233 etiam.
1017 2193 1191 2232 BOURD.

446 2249 518 2287 ead.
533 2248 555 2284 l.
576 2261 632 2298 13.
645 2247 842 2295 Κέρκωπας
856 2268 901 2277 -
916 2245 1147 2298 Εὐρύβατον)
1162 2246 1322 2286 Nobiles
1335 2243 1550 2285 facinorosl.
1565 2244 1653 2285 Me·

392 2300 505 2340 minit
519 2300 657 2339 horum
674 2300 713 2339 &
728 2299 936 2340 Aeschines
947 2299 1129 2339 adversus
1143 2298 1448 2351 Ctesiphontem:
1464 2298 1547 2338 οὔτε
1564 2301 1651 2350 γὰρ

391 2353 624 2405 Φρυνώνὸοις,
635 2353 718 2394 οὔτε
734 2351 951 2403 &pisam-ros,
963 2353 1046 2393 οὔτε
1061 2353 1177 2392 σίλλος
1189 2350 1308 2393 οὐδεὶς
1318 2354 1473 2392 πώποτε
1485 2351 1556 2391 τῶν
1571 2354 1650 2391 πά.

393 2419 460 2445 λιιι
478 2407 635 2459 πονηρῶν
648 2405 812 2447 τοιοῦτος
831 2407 964 2460 μάγος
985 2408 1049 2446 καὶ
1067 2408 1162 2461 γόης
1178 2407 1332 2460 ἐγίνετο.
1348 2407 1435 2445 vid.
1452 2405 1648 2447 Erasmum

395 2461 442 2499 ad
457 2461 705 2512 proverbium
718 2491 729 2508 ‚
753 2476 794 2499 ne
811 2461 846 2499 in
869 2462 1069 2516 Iampygum
1092 2462 1232 2502 incidas.
1254 2461 1400 2502 COGN.
1413 2460 1513 2502 Vide
1525 2459 1650 2504 Ovid.

394 2514 554 2557 Metam.
567 2514 662 2565 XII,
676 2514 701 2556 f.
718 2529 754 2558 2.
767 2514 925 2558 Soza,
