1730 3326
278 199 384 247 IN
446 183 1174 252 LEXIPHANEM.
1256 215 1351 272 499·

79 303 136 336 re,
148 289 255 342 paffis
280 289 458 336 manibus,
477 290 643 329 interdum
670 291 798 340 aversi,
818 302 944 343 tergum
972 294 1143 333 obiiciunt.
1165 294 1352 338 GESNER.

137 344 212 380 ead.
227 343 251 381 l.
265 344 302 383 6.
318 343 584 389 Momfflm‘voee
597 344 856 397 χερμαὲίους)
879 346 1013 398 virgil.
1040 359 1058 398 5
1075 348 1236 388 Aeneid.
1253 349 1353 390 Plus.

87 395 126 435 in
139 396 253 435 Thes.
267 397 439 436 BOURD.
455 397 570 437 Conf.
585 397 695 450 supra
708 397 822 436 Alex.
837 411 871 437 c.
886 414 906 437 2
916 414 950 451 5,
957 400 1216 448 μολυβῶοιίνοις
1228 424 1272 431 -
1285 402 1353 442 πέ-

82 449 177 543 ἑοις,
195 449 236 489 &
249 450 418 497 videbis,
438 463 509 490 cur
520 463 649 504 neque
665 450 728 490 hic
747 462 897 491 mutare
909 454 1120 506 quidquam
1139 454 1208 493 sim
1227 455 1353 495 ausus.

124 514 227 542 ΕΠΖ.

142 557 220 595 ibid.
232 557 420 611 Ἀρίιγὸην
431 556 554 610 ἔχων)
566 558 622 608 T&
634 555 700 597 τοῦ
714 557 916 610 ἁρέιξοντος
927 555 1120 611 extima-n.
1134 559 1306 600 GUYET.

137 612 211 649 ead.
232 611 254 649 l.
268 624 305 660 7.
319 608 411 652 Εἶτα
433 612 703 662 συντριβέντες)
719 608 917 651 Ἀλληλους
936 611 1226 664 &immulant-ref.
1243 615 1356 655 Hanc

26 677 55 690 —·
88 664 277 715 integram
294 665 492 717 periodum
514 666 785 718 interpretatur
804 664 1025 705 Casaubon.
1042 667 1089 706 ad
1108 667 1250 707 Athen.
1271 680 1358 721 cap.

90 730 136 770 19
148 749 160 766 ,
172 717 237 757 lib.
253 732 286 770 3.
299 719 474 758 BouRn.

140 774 215 810 ead.
232 772 255 809 l.
273 784 331 810 10.
346 775 392 809 Τὸ
414 770 690 825 ψυχροβαφὲς)
708 774 754 810 Τὸ
777 771 810 812 ἐν
831 770 880 824 ‘tii
903 771 1044 826 ψυχρᾷ
1064 773 1193 824 πυέλῳ
1213 774 1359 820 βοιπτϊΔ
1377 805 1381 810 .

90 825 191 866 σθέν.
203 824 376 864 Bonan.

143 878 221 917 ibid.
237 878 546 931 Δελφινίσοιντες)
557 878 668 917 Δίκην
679 878 857 927 ἓελφίνων
869 876 1174 925 κυβιστῆσοιντες,
1183 881 1214 920 Β
1219 891 1358 922 OURD.

141 934 215 971 ead.
240 933 264 972 l.
290 946 348 971 11.
367 930 532 986 Ἄλλος)
557 932 614 971 Ex
625 933 695 971 W.
721 932 762 972 &
782 933 836 972 Fl.
858 933 963 972 Ante
976 933 1176 985 legebatur
1197 935 1356 975 ἄλλοσε.

86 985 246 1025 SOLAN.

147 1042 221 1078 ead.
232 1039 256 1079 l.
270 1053 284 1078 1
294 1055 328 1079 2.
340 1038 532 1093 Ἐξυόμην)
543 1038 802 1089 Ἐκτενιζὸμην.
817 1040 929 1079 Hanc
941 1039 1079 1079 lineam
1096 1039 1241 1093 profert
1253 1041 1294 1081 &
1306 1042 1361 1081 in·

89 1103 323 1146 terpretatur
336 1094 501 1133 Casaub.
525 1094 615 1133 loco
634 1093 738 1132 citat.
752 1105 796 1132 ut
811 1094 851 1132 &
870 1094 960 1133 illud
978 1093 1138 1146 sequens
1160 1090 1198 1133 οὗ
1218 1098 1362 1136 κηπίον.

89 1145 206 1187 Duae
231 1145 390 1187 fuerunt
411 1147 513 1201 apud
532 1146 706 1187 Graecos
726 1147 979 1187 ufitatiffimae
996 1147 1176 1188 tonsurae
1197 1147 1360 1201 species,

89 1202 247 1248 σκαφίον
261 1202 324 1241 καὶ
341 1201 467 1247 κῆπος,
483 1201 530 1241 de
542 1201 682 1254 quibus
698 1201 756 1240 hic
773 1202 959 1254 loquitur,
974 1204 1015 1239 τὸ
1027 1201 1093 1252 μὲν
1107 1206 1258 1251 σκαφίον
1269 1208 1310 1241 τὸ
1327 1205 1362 1243 ἐν

90 1253 189 1308 χρῷ,
202 1254 217 1292 ὃ
231 1254 275 1294 ἑὲ
290 1253 408 1295 κῆπος
425 1258 470 1294 τὸ
488 1259 556 1306 πρὸ
575 1257 768 1306 μετώπου.
781 1256 978 1296 Scholiast.
998 1255 1195 1310 Aristoph.
1209 1257 1255 1296 ad
1269 1270 1364 1297 aves

93 1307 264 1360 Hesych.
281 1309 440 1356 Pollux,
457 1309 559 1349 Suid.
577 1310 749 1349 BOURD.

147 1363 185 1401 in
195 1363 311 1402 schol.
324 1364 388 1403 col.
405 1378 440 1403 2.
454 1363 478 1402 l.
492 1364 528 1405 6.
541 1363 652 1416 Φησὶ)
667 1363 775 1415 Quia
788 1362 866 1403 fere
882 1364 1026 1417 ubique
1040 1362 1089 1404 fic
1102 1364 1365 1417 reperiaccen·

92 1426 175 1455 tum
191 1415 382 1456 servatum
397 1417 435 1456 in
449 1417 525 1457 hoc
537 1417 660 1456 verbo
671 1447 683 1463 ‚
702 1419 769 1470 qui
783 1428 934 1471 poterat
948 1417 1055 1457 abiici
1066 1447 1077 1464 ‚
1092 1417 1178 1457 ideo
1193 1418 1233 1456 δι
1249 1419 1309 1457 hic
1323 1418 1365 1457 δε

90 1469 180 1509 alibi
193 1470 231 1509 in
248 1470 319 1510 hac
332 1470 483 1511 Differt.
502 1484 590 1511 eum
607 1470 787 1511 ἰηῐειξὶιιιῃ
802 1471 956 1524 reliqui:
971 1484 1057 1510 nam
1077 1471 1226 1510 videtur
1240 1471 1366 1510 studio

48 1541 61 1547 -
92 1523 145 1563 fic
164 1523 368 1578 scriptum,
383 1536 465 1565 tum
480 1536 640 1578 propter
658 1524 772 1564 finem
788 1526 954 1578 periodi,
969 1526 1092 1564 altero
1111 1525 1226 1573 loco;
1247 1538 1365 1577 quam

95 1578 156 1616 hic
168 1608 182 1625 ‚
196 1590 239 1617 ut
252 1579 452 1632 aliquanto
470 1581 594 1619 maior
605 1579 993 1631 emphasissribuatur
1004 1578 1059 1627 τῷ
1072 1578 1166 1624 dicit,
1180 1578 1219 1618 δι
1232 1580 1366 1625 dicunt,

94 1631 159 1725 {el
173 1645 318 1681 vocant,
337 1647 453 1688 quam
470 1633 537 1672 ubi
559 1647 631 1687 pro
654 1635 800 1673 incerto
821 1632 887 1672 illo
906 1633 1024 1681 aiunt,
1038 1631 1180 1683 fhrunt,
1197 1634 1367 1685 ponitur.

140 1697 250 1728 εΙΤΖ.

149 1741 241 1794 Pag.
256 1739 376 1790 1841.
391 1755 425 1780 1.
438 1739 653 1791 Ὀἒοντωτῇ
661 1741 678 1793 )
692 1741 762 1780 W.
782 1740 824 1779 In
839 1739 992 1793 reliquis
1008 1738 1152 1788 ὂὲοντῇ.
1165 1739 1326 1781 SOLAN.

153 1794 234 1834 ibid.
257 1795 419 1848 Κηπίον)
435 1794 557 1835 Κῆπος
576 1795 640 1835 seu
663 1797 794 1835 κηπίον
824 1793 1003 1834 tonsurae
1025 1793 1180 1846 species.
1195 1794 1365 1836 GUYET.

98 1846 257 1901 Duplex
272 1861 394 1902 genus
405 1848 584 1889 tonsurae
597 1849 657 1889 hic
671 1850 825 1888 indicari
839 1849 983 1888 clarum
1000 1848 1066 1888 est.
1080 1848 1203 1887 Etiam
1216 1849 1291 1888 hoc
1302 1863 1368 1902 ap-

97 1914 205 1956 paret
215 1932 226 1949 ‚
243 1904 309 1956 qui
321 1904 448 1944 κηπίον
463 1905 662 1950 tondetur,
675 1903 728 1942 illi
741 1915 821 1942 non
835 1916 933 1955 opus
941 1902 1017 1942 effe
1030 1901 1191 1956 peffine‚
1206 1916 1305 1955 opus
1315 1903 1369 1943 es·
1411 1945 1414 1949 ,

97 1955 157 2002 se,
171 1957 238 2010 qui
255 1956 421 2005 σκαφίον.
438 1957 520 1997 Iam
532 1956 648 1998 κη’πον
661 1959 701 1998 δι
715 1956 818 2002 κνῖβον
837 1956 911 1996 effe
930 1957 1058 1996 suniae
1071 1969 1212 2008 genus,
1229 1969 1367 1996 notum

97 2009 172 2058 est,
189 2011 277 2050 loca
290 2022 467 2052 veterum
482 2011 701 2064 proferente
718 2011 950 2064 Spanhemio
972 2010 1068 2050 Diff.
1085 2025 1120 2063 5,
1134 2024 1171 2063 p.
1188 2025 1276 2063 243.
1291 2011 1371 2050 Ita·

99 2077 176 2116 que
191 2075 350 2105 notatur
371 2064 471 2106 forte
491 2065 646 2106 tonsura
659 2066 693 2106 ἑν
707 2065 799 2118 χρῷ,
813 2065 942 2105 brevis
963 2065 1169 2104 admodum
1184 2095 1196 2110 ‚
1210 2078 1286 2117 qua
1301 2066 1368 2118 qui

101 2128 264 2159 utuntur
276 2149 291 2166 ,
310 2132 392 2159 non
423 2120 566 2159 habent
587 2121 692 2174 quod
715 2119 886 2173 peEtant:
913 2120 1087 2172 Scaplzion
1113 2117 1212 2157 sorte
1234 2118 1370 2158 liberat

100 2173 295 2222 frontem,
317 2186 448 2221 aures,
471 2173 660 2215 cervicem
673 2206 684 2223 ,
701 2174 892 2219 crmibus,
908 2173 974 2227 qui
996 2185 1123 2226 tegere
1145 2172 1224 2211 illas
1242 2179 1372 2224 partes

101 2225 257 2280 poffint,
272 2228 407 2267 cranio
420 2238 546 2268 autem
559 2258 570 2274 ,
585 2229 694 2283 quod
715 2230 840 2276 σκάφη
857 2228 1081 2281 appellatur,
1099 2227 1268 2278 pilorum
1284 2238 1371 2265 tan·

103 2293 187 2321 tum
198 2311 212 2328 ,
229 2282 335 2335 quod
351 2281 451 2336 peffi
463 2281 596 2337 poffit‚
613 2283 801 2336 relinquit.
821 2283 976 2328 Metuo,
994 2294 1041 2320 ne
1054 2293 1192 2334 parum
1205 2293 1373 2319 accura-

103 2346 180 2383 tus,
197 2348 265 2375 aut
278 2348 404 2376 certus
415 2336 459 2376 fit
470 2336 695 2377 Scholiastes
706 2337 898 2390 Aristoph.
915 2335 1169 2376 Bourdelotio
1181 2334 1372 2381 laudatus,

104 2390 339 2430 cuiuslocus
350 2390 403 2430 est
423 2391 546 2443 Ὀρν.Θ.
565 2391 653 2442 807.
669 2391 798 2432 GrsN.

159 2446 233 2483 ead.
246 2445 269 2483 l.
283 2449 390 2485 2.Tbv
403 2444 537 2498 κόννον)
548 2449 612 2485 Τὸν
621 2445 806 2497 πώγωνα,
822 2446 922 2484 menti
932 2445 1084 2487 barbam,
1097 2439 1185 2480 Hes.
1201 2440 1370 2482 GUYET.

159 2501 233 2538 ead.
246 2499 270 2539 l.
285 2513 318 2552 3.
329 2499 572 2553 Ἐθερμοτροὶγ
580 2500 629 2554 ει)
644 2503 731 2543 Τοὺς
743 2500 896 2553 δέρμους
912 2495 1254 2590 ἔτρωγί..Βου1ὶῡ,.

1070 2563 1082 2588 ι
1110 2563 1132 2588 2
