1730 3326
262 217 366 263 IN
429 212 1086 261 ABD'ICATUM.
1218 217 1312 281 365'

99 305 190 358 Pag.
208 318 267 352 14.
280 305 303 342 l.
313 317 350 354 7.
362 303 592 355 Ἀνείληφας)
606 302 805 355 Perperam
822 302 858 340 in
874 301 1054 340 omnibus
1069 309 1155 339 ante
1169 302 1206 341 S.
1216 303 1314 355 lege·

45 358 157 398 batur
167 355 325 404 ἀνήλειφ.
339 356 498 395 SOLAN.
520 358 625 394 Salm.
639 355 841 394 leffionem
856 354 980 393 firmat
996 354 1066 392 Ms.
1084 354 1179 406 Reg.
1196 370 1266 408 295
1279 368 1312 407 5.

101 412 192 462 Pag.
213 410 307 462 15.l.
325 423 356 448 1.
372 409 467 461 Ἐγὼ
479 409 565 462 μὲν)
591 408 707 447 Deest
730 408 889 447 alterum
908 407 939 447 εἰ
960 419 1047 447 ante
1068 408 1224 460 ἀποκηρ.
1242 420 1312 449 aut

46 477 120 517 pro
131 467 296 514 θέμενος,
311 463 512 514 legendum
529 465 690 512 θέμενον.
714 461 872 500 SOLAN.

100 519 173 557 ead.
186 517 209 555 l.
225 531 257 568 3.
267 516 316 554 “O
328 518 407 568 sse?
421 515 487 555 τὴν
499 514 642 568 ἀρχὴν)
659 513 841 554 Excidiffe
856 514 1006 554 videtur
1019 513 1185 566 negatio,
1203 513 1314 566 ὃγέις

46 569 113 610 τὴν
125 571 251 622 ἀρχὴν
261 569 314 620 μὴ
329 568 442 608 ποιεῖν
455 583 489 606 κ.
501 582 534 607 τ.
550 581 585 608 λ.
598 567 658 608 Sic
668 569 742 607 iam
755 568 870 607 vertit
882 567 1065 607 Erasmus.
1081 567 1156 614 Sic,
1169 566 1316 607 senten-

45 624 97 662 tia
119 623 346 675 postulante,
365 621 405 660 &
417 634 489 661 nos
503 623 685 661 dedimus.
696 621 821 662 GESN.
836 621 905 661 Τὴν
919 621 1013 673 ἁρχ.
1031 621 1092 660 hic
1110 619 1313 672 fignificari

47 677 143 716 initio
155 707 166 724 ‚
195 688 340 715 certum
363 675 414 714 est
423 689 435 723 3
461 688 580 727 quare
597 675 701 713 vides
712 705 724 722 ‚
750 688 830 714 non
854 675 997 727 ubique
1020 674 1149 714 valere
1167 677 1315 724 omnino,

43 730 231 783 praecipue.
249 726 396 768 Confer
410 742 506 781 quae
522 729 617 770 dieta
634 729 680 767 ad
697 742 711 767 1
731 728 823 768 Ver.
838 728 933 768 Hist.
959 729 1023 777 §4
1047 727 1196 768 REITZ.

99 784 179 821 ibid.
207 781 262 822 Μὴ
277 781 411 834 ποιεῖν)
431 781 577 822 Omiffa
597 782 750 834 negatio
760 782 812 832 μὴ
833 784 868 821 in
888 782 1053 835 vulgatis
1068 781 1211 821 sensum
1228 781 1317 822 fun-

48 836 151 876 ditus
164 835 379 875 sustulerat:
397 835 628 875 restituimus
640 837 767 889 itaque
781 849 830 875 ex
843 836 899 876 ed.
915 836 1009 875 lunt.
1023 836 1060 874 in
1075 849 1153 889 qua
1169 835 1246 876 sola
1259 849 1317 877 re-

48 890 209 944 peritur.
229 889 387 943 SonAN.

99 945 172 982 ead.
181 943 206 983 l.
221 954 252 994 5.
266 944 316 981 Αὐ
329 941 345 996 )
356 941 450 982 Illud
469 942 603 988 πάλιν,
615 942 720 995 quod
734 955 867 995 margo
877 942 1038 982 Aldinae
1049 943 1191 994 primae
1199 943 1317 984 Wes-

45 989 256 1049 selinganae
271 996 402 1042 habet,
424 995 604 1048 glossema
626 997 777 1048 potius,
802 1009 917 1049 quam
941 997 1093 1036 varians
1114 996 1227 1036 leetio
1249 997 1317 1037 est.

46 1050 128 1090 Nifi
144 1060 268 1089 tamen
287 1050 452 1089 indicare
467 1049 661 1095 voluerit,
687 1060 894 1102 utrumque
909 1049 1133 1089 adverbium
1153 1049 1263 1090 fimul
1277 1052 1316 1090 in

47 1104 217 1155 quodam
236 1103 334 1143 Cod.
346 1104 441 1156 legi:
459 1103 563 1156 quod
576 1102 603 1141 fi
617 1115 753 1143 verum
768 1102 881 1150 foret,
896 1103 1015 1142 velim
1029 1103 1064 1143 id
1080 1105 1250 1156 apertius
1262 1105 1318 1144 in-

47 1156 197 1197 dicaffet
210 1157 285 1204 ille,
302 1157 368 1209 qui
382 1157 627 1196 collationem
646 1157 741 1196 hanc
753 1157 904 1204 allevit;
924 1170 968 1197 ac
982 1168 1062 1196 tum
1075 1170 1155 1197 non
1171 1159 1317 1211 impro-

48 1211 178 1250 barem
191 1224 200 1250 :
234 1210 329 1250 solet
341 1211 441 1250 enim
455 1209 576 1250 πάλιν
590 1206 639 1248 αὖ
653 1212 851 1264 coniungi,
862 1224 983 1264 aeque
994 1224 1038 1251 ac
1049 1213 1149 1264 apud
1161 1212 1318 1252 Latinos

49 1266 166 1304 reverti
182 1264 313 1314 rursus,
326 1263 388 1304 vel
406 1265 524 1303 iterum
541 1264 672 1311 reverti,
687 1265 792 1317 quod
805 1278 852 1304 ex
862 1264 1019 1305 Terent.
1036 1264 1191 1318 aliisque
1205 1265 1320 1306 nimis

49 1330 201 1357 notum.
225 1318 417 1370 Adeoque
431 1330 518 1357 cum
539 1317 678 1357 librarii
692 1319 820 1358 minus
835 1318 941 1371 periti
956 1319 1185 1372 geminatam
1203 1321 1320 1372 parti-

49 1372 177 1412 culam
191 1370 448 1420 offenderent,
470 1370 583 1411 facile
595 1370 676 1411 fieri
691 1372 836 1425 potuit,
857 1383 899 1411 ut
919 1385 1050 1421 unam,
1064 1384 1244 1430 tanquam
1257 1373 1320 1414 su·

46 1425 237 1479 perfluam
249 1455 259 1473 ,
273 1426 467 1464 eiicerent.
493 1425 568 1464 Etsi
581 1425 777 1465 Devarius
789 1427 834 1465 de
850 1427 1059 1478 particulis,
1073 1426 1177 1467 αὐθις
1191 1423 1246 1466 αὖ
1254 1441 1320 1479 ge-

51 1480 236 1518 minatum
251 1479 309 1518 bis
320 1491 370 1518 ex
386 1477 648 1518 Demosthene
660 1479 869 1532 proferens,
883 1480 917 1518 id
932 1493 1004 1533 pro
1018 1479 1241 1532 pleonasmo
1254 1481 1322 1521 ha-

53 1533 145 1573 bere
157 1545 237 1572 non
253 1533 360 1581 vult3
376 1532 435 1572 sed
449 1544 565 1572 contra
577 1562 586 1580 ‚
609 1533 739 1584 rursum
753 1532 961 1586 fignificare
972 1534 1166 1573 contendit
1179 1545 1316 1574 contra

49 1586 251 1626 Budaeum
268 1601 277 1628 :
293 1586 347 1626 est
359 1597 503 1632 tamen,
513 1587 577 1625 ubi
593 1586 774 1639 alterutra
787 1586 866 1626 stne
878 1586 1002 1626 sensus
1014 1587 1242 1628 detrimento
1254 1589 1318 1628 ab«

52 1639 126 1679 effe
138 1650 274 1693 queat,
299 1651 340 1680 ut
355 1641 428 1680 hic.
453 1640 500 1679 Et
514 1652 562 1679 an
578 1637 681 1679 αὖθις
696 1652 775 1679 non
795 1641 989 1694 πᾼεονέιζει
1004 1641 1105 1694 apud
1119 1641 1316 1695 Aristoph.

45 1689 150 1733 Plut.
164 1694 255 1741 860,
266 1697 327 1734 τὸν
338 1694 504 1744 ἐσόμενον
513 1695 650 1741 τυφλὴν
659 1695 786 1734 Πάλιν
798 1690 910 1732 αὖθις.
922 1694 1055 1750 Velutj
1070 1695 1112 1735 δι
1126 1696 1224 1748 apud
1238 1697 1320 1736 Ho-

53 1760 147 1787 mer.
161 1745 377 1799 saepissime,
391 1758 435 1787 ut
447 1747 488 1787 11.
499 1751 538 1797 B,
552 1748 642 1797 276,
657 1745 708 1786 Οὐ
722 1744 787 1788 δῆν
798 1763 862 1798 μιν
873 1748 993 1788 ’πάλιν
1003 1747 1105 1788 αὐθις
1119 1746 1241 1791 ἀνήσει
1251 1756 1319 1791 θυ-

43 1804 122 1852 μὸς
137 1800 296 1854 ἀγήνωρ·
309 1802 415 1854 quod
433 1801 619 1854 posterius
636 1801 697 1840 vel
711 1801 850 1842 Lexica
868 1812 1074 1850 notarunt3
1093 1815 1167 1855 ego
1185 1817 1323 1859 numeg

52 1867 137 1894 rum
154 1865 302 1894 tantum
321 1856 486 1907 adiungo
498 1869 523 1910 ;v
534 1853 595 1894 sed
611 1854 652 1894 δι
663 1855 764 1894 Δειάἀο
779 1855 820 1895 11.
835 1859 880 1904 E,
894 1869 983 1910 257.
1006 1856 1153 1896 Rmz.
1180 1856 1254 1897 Pro
1268 1858 1322 1898 οιύ

46 1907 124 1948 Ms.
136 1909 232 1961 Reg.
251 1923 307 1963 22
310 1924 325 1961 5
337 1923 352 1961 5
368 1909 457 1962 legit
471 1908 585 1948 αὐθις.
1021 1957 1036 1967 ἢ

44 2001 47 2003 .
107 1966 179 2002 ead.
196 1965 219 2001 l.
233 1976 270 2016 9.
294 1962 365 2014 'Ap’
377 1964 421 2002 ἄν
435 1977 491 2003 σοι
504 1965 592 2015 ’προς
605 1965 725 2014 καιρον
745 1963 970 2017 ὀργισθέντι,
988 1964 1093 2004 αὐθις
1106 1961 1188 2016 ἑξνῖν
1199 1963 1236 2005 ἐς
1249 1964 1320 2007 τὴν

54 2016 178 2067 ὃμοίοιν
191 2015 366 2056 Φουλείοιν
381 2017 608 2070 ἑποινάβγειη
631 2012 820 2067 οὐθαμῶς·
836 2020 891 2056 τὰ.
908 2019 990 2070 ’γὰρ
1007 2017 1170 2058 τοιαῦτα,
1184 2019 1321 2065 βέβαιοι

55 2070 122 2108 καὶ
133 2069 202 2109 «9ιὰ
214 2072 357 2109 παντὸς
367 2070 474 2122 κύριοι
485 2068 672 2123 ὑπάρχειν
683 2070 716 2110 οἱ
726 2068 821 2121 νόμοι
834 2071 1018 2125 ἀξιοῦσιν)
1031 2071 1127 2113 Tale
1140 2070 1239 2111 forte
1249 2072 1321 2113 fuit

54 2123 295 2164 Graecorum
315 2124 391 2163 ius:
415 2123 476 2163 sed
496 2125 533 2163 in
559 2137 608 2164 eo
638 2125 697 2164 ius
719 2124 943 2164 Romanum
968 2138 989 2164 a
1005 2125 1161 2166 Graeco
1180 2125 1319 2167 differt.

0 2221 1 2226 ,
51 2177 158 2218 -Nam
173 2177 275 2217 aetio
298 2178 435 2230 ingrati
447 2177 689 2230 competebat
702 2190 866 2230 patrono
879 2178 1058 2219 adversus
1072 2179 1248 2219 libertum
1265 2181 1324 2220 in-

0 2234 1 2239 ’
56 2242 222 2284 gratum,
238 2231 319 2283 qui,
335 2230 482 2271 ficausa
495 2232 666 2278 cadebat,
679 2232 938 2273 retrahebatur
954 2232 1000 2272 ad
1015 2232 1235 2274 servitutem
1253 2247 1322 2288 pet·

0 2298 1 2338 ᾖ
58 2285 280 2326 sententiam
294 2285 436 2325 iudicis.
452 2285 554 2338 Lege
567 2286 685 2324 Divus
696 2283 737 2324 ff.
754 2287 799 2325 de
810 2287 894 2326 iure
907 2298 1150 2340 patronatus,
1164 2288 1204 2327 δι
1218 2288 1322 2342 Lege

0 2345 2 2355 ³
42 2339 133 2390 'Qui
151 2339 398 2378 manumittitur
420 2353 481 2384 12,
504 2339 601 2379 Cod.
615 2339 661 2378 de
681 2340 807 2392 operis
825 2340 1076 2388 libertorum,
1097 2342 1137 2381 ἃ
1158 2341 1258 2394 Lege
1280 2342 1322 2380 Si

57 2393 278 2446 manumiffus
299 2408 335 2441 2,
356 2394 395 2432 &
410 2393 511 2445 Lege
530 2393 654 2431 Liberti
678 2407 714 2444 3,
728 2393 770 2433 &
785 2395 874 2447 Leg.
895 2395 1085 2434 Libertinae
1099 2410 1140 2444 4,
1157 2395 1255 2436 Cod.
1275 2396 1321 2436 de

60 2445 224 2486 Libertis
238 2446 277 2486 δι
289 2459 425 2487 eorum
439 2447 575 2486 liberis.
597 2446 732 2486 PALM.

114 2499 210 2552 Pag.
220 2501 282 2542 16.
292 2501 317 2541 l.
325 2497 588 2555 6.”Ενοιγχος)
598 2499 705 2542 Iubet
716 2500 844 2543 Solan.
852 2502 890 2541 in
901 2514 1021 2557 marg.
1032 2501 1198 2544 conferri
1207 2503 1330 2557 princ}
