1730 3326
0 2205 2 2243 l

212 205 1127 261 INVALEXANDRUM.
1227 208 1317 271 389

52 296 136 337 dam
149 296 336 350 Sophista,
352 297 555 349 Peloplaton
569 297 715 342 diflus,
732 296 840 336 cuius
857 295 1052 335 historiam
1070 295 1318 339 Philostratus

51 350 192 403 scripfit
208 352 247 389 in
264 352 353 390 vitis
366 350 625 403 Sophistarum
645 364 681 402 p.
701 363 784 402 570.
805 350 877 388 Sed
890 350 919 388 is
935 362 956 388 a
977 350 1130 388 Luciani
1153 352 1320 391 Alexan-

52 403 123 443 dro
136 403 303 443 diversus
314 433 324 451 ,
345 416 581 457 quamquam
596 403 722 443 forma
732 398 946 455 speciesque
968 403 1123 455 utrique
1138 402 1216 443 fere
1230 419 1317 447 una.

52 456 124 496 Sed
140 469 208 497 nec
224 458 343 509 patria
356 458 560 503 convenit,
575 470 646 496 nec
668 457 771 495 vitae
793 469 924 509 genus.
947 457 1035 494 Hoc
1054 467 1181 495 tamen
1208 471 1318 498 nota·

52 519 135 550 tum
150 509 273 560 volui,
287 511 379 563 quia
391 510 633 550 similitudine
645 509 793 549 formae
805 511 844 547 in
861 520 1044 561 utroque,
1057 523 1078 547 a
1092 510 1260 549 Luciano
1276 513 1317 551 δε

49 563 277 605 Philostrato
291 564 519 617 descriptae,
534 564 575 603 &
589 562 716 602 nescio
730 563 872 615 quibus
883 563 961 602 aliis
974 563 1155 615 deceptus
1165 593 1176 609 ‚
1189 565 1317 614 primo

10 646 12 650 ⁸
51 629 175 657 unum
195 617 436 670 eundemque
456 616 587 666 fuisse,
609 616 684 668 ipse
706 627 891 669 putaram.
918 617 1062 655 Mirum
1085 628 1213 655 autem
1241 617 1316 665 est,

50 669 318 711 Philostratum
329 701 338 717 ‚
356 671 551 710 hominem
567 670 676 709 valde
689 668 1004 722 superstitiosum,
1019 682 1105 709 cum
1121 670 1319 721 Sophistae

51 725 171 764 vitam
186 724 362 764 scriberet
374 755 384 771 ‚
398 724 663 764 nihilomnino
679 724 726 763 de
741 724 931 777 propheta
947 722 1109 762 adsuifle.
1125 724 1320 763 Abonoti-

50 777 191 817 chiram
206 791 286 818 non
299 779 384 818 ideo
403 787 550 818 tantum
566 786 703 826 vocat,
725 778 821 830 quia<
831 778 883 816 ibi
904 776 1024 817 sedem
1043 778 1186 817 oraculi
1201 777 1256 817 sui
1274 777 1319 816 fi-

52 832 174 877 xerit,
189 831 246 870 sed
258 833 346 885 quia
359 832 444 871 inde
456 832 642 872 oriundus
655 841 748 870 erat.
760 832 848 870 Vid.
861 845 893 871 c.
906 846 928 884 9
942 860 952 878 ‚
974 845 987 869 1
1001 845 1014 869 1
1031 831 1069 870 δι
1088 845 1103 869 1
1113 847 1146 870 2.
1158 832 1316 872 SOLAN.

35 906 46 914 x
108 887 181 925 ead.
192 885 217 924 l.
237 899 267 938 5.
282 886 350 925 Καὶ
363 885 521 926 {venulae
539 881 681 938 adn-3)
696 884 855 924 ’.Εποινίιι
868 899 951 924 vox
964 898 984 924 a
998 885 1236 925 librariorum
1252 899 1320 937 pu·

49 936 227 990 tilagine‚
273 952 318 978 ro
333 939 461 979 Attica
479 939 633 980 ἐπίνοια.
648 938 928 991 Lexieographi
944 948 1071 977 tamen
1087 951 1169 978 eam
1188 941 1320 978 obtru-

51 990 147 1037 sere‚
158 953 269 1044 quas?
277 1005 390 1045 prete,
401 992 480 1032 slve
493 994 614 1046 proba
628 1005 710 1032 vox
722 991 822 1031 effet.
835 993 1029 1031 Henricus
1042 992 1255 1043 Stephanus
1265 1006 1321 1032 re·

51 1045 113 1085 &e
126 1045 261 1085 omisit.
280 1046 382 1086 Patet
403 1058 529 1087 autem
549 1059 706 1099 quoque
721 1046 795 1084 hoc
810 1044 890 1098 ipso
905 1044 1062 1084 inferius
1075 1047 1228 1085 Luciani
1242 1046 1320 1085 dia-,-

50 1097 145 1151 logo
158 1128 168 1144 ‚
188 1100 252 1138 ubi
274 1099 327 1139 est
345 1100 498 1140 ἐπίνοιαι.
520 1101 709 1139 MARCIL.
723 1100 899 1138 Ἐπινοίοις
924 1099 964 1138 L.
988 1100 1080 1138 Iunt.
1096 1100 1152 1138 ed.
1170 1100 1207 1138 δι
1225 1099 1320 1140 aliae

51 1153 285 1193 recentiores
294 1166 375 1193 non
387 1154 595 1193 multae.1n
608 1153 767 1205 reliquis
778 1153 955 1192 ἐποινίοις.
971 1152 1128 1192 SOLAN.
1139 1154 1321 1193 Ἐπινοιας

50 1217 189 1245 verum
206 1206 301 1252 effe,
317 1208 404 1246 vide
419 1206 515 1246 infra
527 1208 604 1246 hoc
617 1206 722 1246 Dial.
739 1220 771 1247 c.
786 1221 847 1246 22.
862 1206 1006 1245 Rmz.
1234 1206 1239 1209 ’

60 1291 63 1293 Α
105 1263 178 1300 ead.
191 1261 213 1298 l.
227 1261 263 1299 6.
278 1261 534 1314 Μοιγγοινείοις
545 1261 567 1314 )
578 1259 724 1300 Confer
735 1260 845 1313 supra
859 1260 981 1300 Deor.
995 1260 1095 1299 Dial.
1111 1275 1145 1300 2⁴.
1161 1261 1211 1300 Et
1222 1259 1320 1300 infra

51 1310 156 1353 Dial.
172 1315 352 1366 proximo
368 1314 479 1353 Alex.
496 1328 528 1354 c.
546 1328 607 1364 17,
621 1328 666 1366 25
683 1327 726 1353 ac
740 1329 786 1365 43
801 1313 826 1353 f.
841 1314 880 1353 δι
898 1328 955 1363 54.
969 1313 1128 1355 SOLAN.

104 1370 178 1406 ead.
192 1368 218 1406 l.
233 1382 268 1420 9.
285 1368 341 1407 Εἰς
351 1368 504 1420 κακίαν)
518 1368 633 1421 Angl.
647 1369 681 1407 ἐν
695 1372 824 1417 κακίᾳ.
838 1368 1016 1407 BOURD·.

105 1423 178 1459 ead.
193 1421 216 1461 l.
234 1435 288 1473 ¹3·
301 1418 383 1473 Αὖγ
392 1422 460 1460 ειόυ
469 1421 720 1474 βουστασίαν)
731 1421 929 1473 Allegoria
942 1419 1193 1473 proverbialis
1204 1421 1240 1459 in
1256 1422 1323 1462 ho-

49 1473 197 1514 minem
211 1486 278 1514 aut
291 1488 371 1514 rem
386 1477 570 1515 maiorem
592 1476 630 1514 in
652 1475 818 1515 modum.
830 1476 1090 1527 inquinatam,
1109 1488 1184 1528 qua
1204 1476 1320 1515 etiam

51 1526 142 1566 usus
157 1527 209 1567 est
224 1529 262 1566 in
277 1528 477 1581 Fugitivis.
488 1528 635 1568 COGN.

109 1582 198 1634 Pag.
212 1583 274 1630 64.
287 1583 311 1621 l.
328 1578 385 1621 πό.
399 1585 449 1621 Ἐν
462 1605 506 1612 -
521 1584 664 1634 θεάτρῳ
676 1579 748 1620 ὑπὸ
761 1580 912 1634 melin..)
928 1579 1075 1621 Confer
1095 1580 1192 1621 infra
1206 1580 1321 1622 huius·

52 1631 158 1674 Dial.
171 1648 203 1674 c.
219 1650 270 1684 44
281 1665 293 1681 ‚
309 1635 456 1675 &infra
473 1637 576 1675 Tox.
591 1650 621 1675 c.
638 1649 694 1688 59.
710 1635 870 1674 SOLAN.

106 1691 181 1727 ead.
194 1689 216 1727 l.
232 1703 245 1727 1
257 1704 287 1741 3.
303 1689 370 1727 Καὶ
382 1689 562 1742 Ἀῥριανῗος
575 1688 673 1742 γὰρ)
682 1688 838 1742 Scripsit
851 1690 896 1735 is,
909 1687 1002 1728 teste
1012 1686 1226 1740 Simplicio,
1239 1701 1322 1729 non·

53 1740 177 1780 solum
191 1742 463 1782 dissertationes
477 1743 635 1796 Epicteti
647 1773 659 1788 ,
672 1755 810 1782 verum
833 1744 948 1782 etiam
968 1742 1219 1782 Enchiridion.
1233 1743 1321 1781 ME-

54 1805 164 1835 NAG'.
180 1796 296 1836 Hunc
317 1797 471 1836 Luciani
495 1797 626 1836 locum
647 1797 834 1836 adducens
851 1796 1029 1843 Voffius,
1046 1797 1209 1849 quodin
1230 1797 1320 1836 viro

53 1860 131 1887 tam
147 1849 314 1901 diligenti
328 1851 487 1898 mireris,
498 1851 534 1889 in
550 1851 917 1902 Catalogo'operum
937 1851 1099 1897 Arriani,
1113 1850 1323 1900 historiam,

52 1903 161 1943 cuius
175 1903 235 1942 hic
249 1905 420 1943 meminit
440 1904 648 1952 Lucianus,
671 1904 808 1943 omisit.
831 1905 909 1943 Sub
934 1904 1131 1943 Hadriano
1152 1903 1322 1944 floruiffe

52 1957 164 2005 dicit,
190 1957 231 1996 &
249 1958 387 2009 probat
410 1958 507 1997 idem
531 1959 596 1998 vir
619 1957 896 1998 erudituli-mus.
920 1957 982 1997 De
1005 1971 1053 1997 eo
1077 1958 1188 1996 etiam
1211 1957 1318 2010 quasi

19 2032 26 2038 -
54 2021 214 2060 mortuo
235 2011 410 2063 loquitur
433 2012 493 2051 hic
507 2012 711 2051 Lucianus.
724 2012 823 2051 Nam
845 2012 890 2051 de
908 2011 1006 2050 libro
1022 2010 1102 2063 ipso
1122 2012 1322 2063 Apologia

51 2063 290 2117 intelligenda
302 2065 477 2104 est.Vide
490 2061 605 2117 Xiph.
625 2065 663 2104 in
683 2066 862 2105 Hadrian.
881 2066 958 2113 264
977 2065 1021 2104 B.
1035 2064 1095 2103 Ad
1119 2065 1240 2104 Marci
1257 2064 1319 2103 us·-

55 2130 131 2169 que
145 2128 320 2170 tempora
336 2119 489 2158 deducit
503 2119 770 2158 PhotiusBibl.
784 2119 827 2158 C.
844 2118 888 2170 58
900 2148 910 2163 ‚
926 2131 1008 2171 pag.
1028 2118 1186 2170 53.Vide
1198 2118 1320 2158 etiam·

0 2170 1 2194 ³
52 2171 219 2210 Suidam.
232 2171 348 2212 Circa
362 2185 506 2212 annum
519 2172 660 2212 Christi
677 2187 749 2225 134
763 2172 1029 2224 Cappadociae
1044 2171 1218 2222 praefuit.
1234 2171 1320 2212 Dio

0 2248 1 2256 κ
53 2225 105 2285 ,69
117 2255 128 2272 ,
153 2238 237 2279 pag.
253 2240 355 2277 7943
370 2240 451 2279 quo
468 2239 642 2280 tempore
656 2227 762 2266 Ponti
777 2227 912 2267 Euxini
930 2227 1100 2279 Periplum
1116 2226 1315 2266 Hadriano

51 2277 244 2330 mseripfit.
264 2280 422 2320 SOLAN.
759 2326 781 2335 Ν

76 2363 78 2365 .
108 2333 144 2371 in
157 2334 272 2372 Schol.
284 2335 347 2373 col.
359 2349 394 2373 2.
407 2336 430 2374 l.
445 2349 480 2373 2.
496 2336 605 2374 Κατὰ
617 2332 748 2374 τοῦτον
758 2334 815 2381 ἣν)
826 2333 981 2373 Fallitur
993 2332 1222 2373 Graeculus.
1231 2333 1316 2372 No-

52 2395 136 2424 tum
150 2387 250 2425 enim
266 2387 341 2433 est,
355 2387 566 2440 Epictetum
584 2389 748 2427 Neronis
767 2398 940 2440 tempore
959 2386 1102 2426 vixiffe.
1116 2387 1213 2426 Vide
1226 2386 1316 2426 Sui-

52 2439 151 2478 dam.
165 2440 292 2480 CLER.
310 2441 371 2480 Ad
389 2442 610 2481 Antoninos
624 2441 744 2494 usque
760 2443 878 2482 vitam
894 2439 1109 2494 produxisse
1123 2441 1316 2495 Epictetus

52 2493 208 2534 traditur
220 2507 232 2543 3
244 2495 322 2536 vid.
338 2506 419 2535 not.
435 2496 481 2535 ad
495 2495 650 2536 ’Ama
667 2509 698 2536 c.
717 2510 777 2549 13.
797 2496 954 2538 SOLAN.

947 2548 1067 2602 Bb3
