1730 3326
192 204 296 252 IN
358 203 1115 253 ALEXANDRUM.
1203 221 1292 271 391

88 292 168 334 ibid.
182 293 411 348 Εὐρύβατον)
429 294 529 334 Vide
545 294 738 334 Erasmum
754 295 791 332 in
805 295 986 347 proverb.
1005 292 1299 347 εὖρυβοιτύεσῖποιι

33 338 202 389 «Vens-r.
218 347 443 388 Scholiastae
457 349 518 388 hic
533 361 664 401 parum
679 359 806 387 notus.
821 348 977 387 SOLAN.

88 402 166 439 ibid.
185 402 422 454 Φρυνώνδαν)
436 402 626 441 Pravitate
642 413 779 440 notum
796 399 905 440 fuiffe
917 401 1043 441 Schol.
1057 403 1121 441 ait.
1139 402 1298 443 SOLAN.

90 455 169 492 ibid.
180 454 466 507 ’Apio-vbsnptov)
483 455 615 507 Quem
631 454 912 494 Aristodemum
935 455 1136 507 intelligat,
1152 457 1298 497 nescio:

31 506 162 560 plures
190 509 291 548 enim
314 508 402 548 sunt
424 508 536 548 huius
565 508 733 549 nominis
756 507 955 560 Tyranni3
981 509 1068 549 vide
1091 509 1299 550 Scholium.

36 560 197 601 SOLAN.

90 615 197 653 ead.l.
214 628 270 663 ¹4·
285 615 532 668 Σώστρατον)
558 615 657 655 Eum
679 613 876 667 intelligit,
897 615 943 655 de
957 628 1038 669 quo
1058 614 1168 668 supra
1188 620 1229 654 N.
1247 622 1296 656 Δ.

34 667 161 708 XXX.
172 669 271 708 Vide
282 670 396 708 etiam
410 667 554 720 Δήμων.
569 682 602 708 c.
622 683 650 707 1.
666 668 823 708 SoLAN.

88 723 167 760 ibid.
182 720 436 776 Ῥουτιλιανῷ)
451 722 510 762 Sic
529 723 617 775 legit
639 723 793 775 interpr.
808 735 856 761 ex
877 720 976 763 Cod.
995 721 1098 761 Flor.
1124 722 1299 762 BouRD.

36 773 104 815 De
119 775 193 814 hoc
206 776 303 826 apud
318 776 420 815 hunc
435 776 553 815 multa
571 777 761 828 deinceps:
784 776 884 828 apud
899 776 993 815 alios
1010 776 1098 816 nihil
1113 777 1270 816 invenio
1283 805 1296 824 ‚

32 829 215 882 quamvis
226 828 446 868 clariffimus
459 830 520 869 illa
535 841 658 870 aetate
672 828 796 869 fuerit.
813 829 971 869 SOLAN.

91 882 182 935 Pag.
195 883 257 932 67.
270 884 292 921 l.
313 896 341 922 1.
354 882 469 934 εὙττὲς)
480 881 598 923 αὐτοῦ
606 884 622 937 )
637 884 736 936 Lege
747 880 877 923 αὑτοῦ.
890 883 1054 924 GUYET.
1072 879 1189 922 Αὖτοῧ
1201 884 1246 922 Β.
1261 898 1299 924 2.

32 934 82 976 In
95 937 253 988 reliquis
264 949 383 989 prave
395 935 522 976 αὐτοῦ.
539 938 695 977 SOLAN.

89 993 163 1028 ead.
176 992 198 1029 l.
215 1004 246 1042 5.
262 993 355 1042 Πρὸς
367 987 506 1044 αὖτον)
527 991 625 1030 Παῖς
637 984 673 1031 ἧν
691 991 780 1041 πρὸς
797 985 923 1030 αὐτόν.
944 989 1005 1030 Sic
1021 990 1178 1029 Terent.
1195 991 1301 1029 Nihil

36 1044 88 1082 ad
95 1045 236 1097 nostram
247 1045 354 1092 hanc,
369 1044 466 1084 Eun.
483 1045 539 1092 11,
554 1059 590 1096 3,
607 1044 667 1096 69.
680 1044 726 1083 Et
741 1043 858 1097 paulo
870 1043 953 1096 post
969 1043 1119 1096 plenius
1130 1073 1142 1089 ,
1158 1060 1198 1082 ne
1211 1059 1298 1083 com-

32 1099 212 1150 parandus
232 1099 282 1136 ad
299 1099 391 1136 illum
413 1101 465 1152 est.
482 1098 663 1149 Exempla
680 1097 829 1138 Graeca
845 1097 971 1149 paffim
992 1110 1151 1150 quoque
1167 1098 1298 1137 obvia.

34 1150 131 1192 .Vid.
148 1150 274 1191 fratris
288 1151 465 1191 cariffimi
478 1151 528 1192 G.
540 1151 590 1191 Ο.
602 1152 741 1191 Reitzii
754 1151 858 1202 Belg.
870 1151 941 1191 Gr.
955 1165 989 1203 p.
1008 1165 1091 1201 5¹9·
1108 1152 1253 1198 RErrz,

89 1206 162 1243 ead.
176 1206 198 1243 l.
211 1219 245 1256 9.
260 1205 339 1244 'fiori
353 1204 514 1254 ὃιοιβολῇ
528 1228 572 1235 -
588 1203 641 1245 οἷς
657 1204 782 1258 ἔγωγε
797 1203 860 1244 οὔκ
872 1204 917 1244 ἂν
931 1205 1004 1259 π.)
1019 1206 1091 1244 Hic
1103 1206 1214 1245 locus
1230 1219 1296 1257 ap-

33 1258 160 1310 prime
174 1260 384 1308 notandus,
398 1272 478 1312 quo
493 1258 650 1299 Luciani
666 1259 858 1312 ingenium
869 1290 881 1305 ,
896 1258 1202 1312 scriptorumque
1213 1261 1297 1299 eius

33 1311 233 1352 confilium
249 1324 365 1365 atque
382 1313 590 1352 institutum
607 1312 711 1352 noffe
725 1312 856 1352 disces.
870 1313 927 1352 Ex
948 1314 1076 1352 animo
1091 1316 1188 1352 enim
1206 1315 1298 1366 quin

37 1364 98 1405 hic
118 1365 161 1406 fit
174 1366 350 1415 locutus,
365 1379 433 1406 cur
454 1369 647 1407 dubitetur
668 1368 770 1406 nulla
791 1366 901 1406 causa
922 1367 985 1407 est.
1003 1367 1085 1407 Cur
1103 1381 1196 1419 ergo
1209 1399 1220 1416 ,
1243 1369 1298 1405 in-

36 1419 160 1471 quies,
173 1420 199 1459 s1
211 1422 256 1459 de
270 1422 414 1473 magnis
424 1421 493 1460 illis
509 1422 600 1460 viris
613 1432 688 1460 tam
703 1421 905 1473 magnifice
918 1420 1066 1460 senserit
1078 1453 1087 1468 ‚
1104 1422 1299 1474 perpetuis

35 1485 106 1512 eos
121 1473 322 1514 inse&atur
331 1475 554 1514 calumniis?
565 1475 701 1515 Dicam
713 1490 720 1513 :
734 1474 801 1514 sub
815 1488 949 1514 eorum
965 1474 1124 1527 persona
1137 1487 1204 1514 eos
1220 1476 1300 1527 ple-

33 1539 201 1578 rumque
213 1529 379 1580 petebat,
390 1530 455 1581 qui
468 1542 608 1568 nomen
619 1542 755 1568 eorum
767 1528 869 1567 vitae
880 1527 1184 1580 flagitiosissimae
1197 1541 1298 1582 prae·

34 1581 251 1622 tendebant.
276 1582 433 1634 Reliqui
455 1581 533 1622 fere
555 1583 630 1621 ioci
651 1582 761 1626 sunt,
785 1582 934 1621 eximiis
948 1582 1018 1621 illis
1038 1583 1132 1621 viris
1154 1595 1299 1635 nequa-

35 1647 152 1688 quam
167 1634 315 1681 fraudi,
327 1635 355 1674 si
366 1635 485 1675 leffiior
497 1636 639 1689 sapiat,
654 1635 884 1675 futuri.Vid.
900 1649 931 1675 c.
945 1649 1005 1685 25.
1020 1636 1178 1675 SOLAN.

90 1690 163 1728 ead.
176 1690 199 1729 l.
214 1703 226 1727 1
241 1703 268 1727 1.
283 1693 498 1729 Πολλοστον
511 1690 688 1743 -μέροὴ
703 1690 834 1729 Utitur
848 1690 921 1729 hoc
933 1690 1093 1729 Luciani
1105 1690 1298 1730 testimon.

34 1739 189 1783 Duker.
204 1743 249 1783 ad
260 1742 481 1795 Thucydid.
494 1743 570 1790 VI,
591 1743 663 1790 86,
679 1744 744 1783 ubi
758 1746 967 1783 πολλοστὴν
985 1745 1103 1795 μόριον
1122 1744 1298 1783 nonnulli

31 1795 160 1836 Codd.
176 1797 325 1836 habent.
339 1797 410 1836 Sed
426 1798 464 1837 &
480 1798 793 1849 πολλοστημόριον
805 1798 876 1836 dici
888 1828 901 1843 ,
916 1808 959 1837 ut
973 1798 1116 1837 editum
1137 1799 1176 1837 in
1190 1798 1300 1837 Thu-

35 1851 126 1902 cyd.
141 1851 217 1890 vid.
232 1850 379 1890 Polluc.
395 1851 435 1890 L.
448 1852 521 1899 IV,
535 1850 648 1904 segm.
666 1853 748 1902 165.
763 1851 906 1890 Rmz.

91 1907 163 1944 ead.
174 1906 196 1943 l.
213 1918 226 1942 ι
237 1919 268 1957 3.
284 1905 574 1958 Ποικιλοτάτην)
589 1905 735 1945 Vitiose
750 1905 903 1957 legitur,
917 1904 1009 1945 ὅλως
1021 1906 1099 1959 γὰρ
1112 1904 1300 1945 ἑπινόησὸν

37 1971 124 2008 μοι,
145 1959 209 1997 neti
227 1957 279 2008 τῴ
300 1958 484 2010 λογισμῷ
505 1959 748 1999 διατύπωσον
766 1961 1034 1999 ποικιλοτὰτιιν
1055 1962 1142 1998 τινὰ
1161 1958 1298 2013 ψυχῆς

39 2009 178 2064 κρᾶσιν.
192 2012 308 2051 Ratio
319 2012 474 2065 linguae
486 2013 653 2065 postulat
666 2014 955 2052 ποικιλωτάτην.
970 2013 1013 2052 Id
1023 2013 1110 2052 alibi
1125 2014 1260 2052 observ
1267 2027 1302 2052 a·

26 2074 122 2105 ‘tum
135 2097 146 2114 ‚
161 2067 223 2106 vel
237 2066 364 2118 potius
378 2080 456 2106 non
468 2078 718 2120 corruptum,
735 2068 835 2125 apud
851 2067 1054 2106 Nostrum:
1072 2079 1114 2106 ut
1125 2068 1170 2105 de
1182 2068 1298 2106 Salta-

39 2119 146 2160 tione
160 2133 192 2160 c.
206 2135 269 2173 31,
283 2120 444 2160 πλῆνῖτι
458 2122 717 2173 ποικιλώτεραι
730 2120 847 2160 αὗται
864 2121 937 2160 ἃς.
952 2121 1058 2160 IENS.
1071 2121 1300 2161 Ποικιλωτέι-

41 2187 106 2214 την
122 2174 227 2213 Ienfii
242 2174 478 2220 emendatio,
490 2185 533 2214 ut
544 2176 651 2227 Ὀρχ.
666 2188 695 2215 c.
712 2190 770 2227 31.
783 2174 940 2214 SOLAN.

95 2228 187 2280 Pag.
201 2228 262 2267 68.
280 2229 303 2267 l.
317 2243 352 2267 2.
371 2228 604 2280 Βουλίισεως)
625 2229 766 2268 Ibidem
789 2242 867 2268 non
885 2228 1008 2268 multo
1027 2228 1133 2280 post,
1153 2242 1226 2281 pro
1243 2229 1298 2278 τῷ

43 2281 304 2331 ἐναντιωτάτῳ
315 2281 378 2322 τῆς
389 2279 567 2327 βολήο-εως
580 2282 752 2329 ἐοικυῖαν,
764 2282 924 2323 rescribe
934 2279 1155 2328 βουλήσεως.
1168 2283 1226 2322 Sic
1239 2285 1301 2322 ha-

42 2335 108 2375 bet
122 2335 341 2375 Bafileenfis
363 2338 451 2375 anni
476 2350 586 2388 1545.
602 2337 707 2376 IENs.
729 2337 772 2376 In
787 2336 970 2390 plerisque
990 2335 1171 2388 impreffis
1192 2335 1300 2381 βολή-

44 2402 137 2428 σεως
152 2389 331 2442 scriptum
344 2401 445 2438 erat3
461 2391 568 2443 quod
581 2390 622 2430 &
633 2403 708 2443 ego
720 2392 846 2444 primo
858 2390 1082 2444 probabam,
1096 2390 1136 2429 δε
1147 2392 1194 2429 ab
1205 2391 1304 2430 alea-

46 2443 196 2482 toribus
211 2444 365 2495 petitam
381 2445 644 2496 metaphoram
661 2447 839 2497 putabam
853 2476 863 2490 ,
878 2443 983 2496 quisi
998 2444 1117 2483 callidi
1134 2444 1204 2483 smt
1216 2475 1228 2490 ‚
1247 2444 1303 2484 fa-

49 2496 144 2537 ciem
160 2497 390 2552 vultumque
413 2509 655 2553 componunt
675 2510 756 2539 tum
778 2499 964 2543 maxime,
986 2511 1075 2536 cum
1095 2498 1175 2539 alea
1197 2498 1310 2544 minis

943 2551 1070 2601 ΒΜ
