1730 3326
393 229 481 278 532
591 212 1448 263 ANNOTATIONES

442 303 514 340 ead.
529 302 552 340 l.
563 315 601 351 7.
613 302 730 340 Ἀλλὰ,
745 301 852 354 σύγ’)
865 301 950 339 Vid.
967 302 1127 340 Homer.
1141 301 1181 340 11.
1197 305 1231 347 E,
1243 315 1319 354 429
1332 302 1471 355 8ι43ο.
1483 301 1644 343 Soum-

443 357 516 393 ead.
532 356 555 392 l.
575 367 631 394 10.
646 354 898 406 Μαντηΐῃσιν)
909 355 963 393 Μ.
981 353 1203 406 Suspicabar
1219 355 1316 394 aliud
1330 356 1505 394 mendum
1520 356 1644 396 subes-

389 406 448 454 se;
466 420 551 445 nam
567 420 656 446 mox
672 407 851 460 singulari
873 419 1035 446 nurnero
1054 406 1181 448 effert:
1202 407 1261 447 sed
1275 409 1428 448 videtur
1441 409 1487 448 de
1497 408 1640 449 Astrol.

390 459 580 512 cogitaffe.
593 460 751 500 SOLAN.

444 517 516 552 ead.
531 515 553 553 l.
576 528 589 551 1
602 527 634 553 1.
649 512 816 565 Πόλιας)
837 513 961 559 Vide,
983 525 1083 565 quae
1105 513 1150 552 de
1166 513 1322 552 urbibus
1342 513 1533 566 auspicato
1547 527 1643 554 con·

390 566 520 605 dendis
535 566 755 606 observavit
768 569 830 604 vir
841 565 920 605 fine
934 566 1080 604 honore
1094 578 1171 605 non
1182 568 1437 606 nominandus
1449 568 1510 607 Ez.
1524 568 1643 621 Span-

390 620 539 659 hemius
552 621 596 659 ad
611 619 762 659 callim.
775 620 924 670 Hymn.
942 619 1070 669 Apoll.
1083 632 1118 657 v.
1135 632 1192 671 55.
1205 620 1363 658 SOLAN.

445 678 517 712 ead.
532 675 554 711 l.
571 687 585 711 1
597 688 629 711 2.
647 673 774 711 Φόνους
785 671 888 725 isay.)
901 671 1041 711 lenfius
1052 701 1063 717 ,
1079 672 1214 724 εἰργ-
1228 675 1273 711 ad
1285 672 1378 724 Ἕρμ.
1397 685 1479 726 cap.
1492 687 1554 722 7¹·
1568 674 1642 714 Sed

388 727 480 778 quid
493 728 538 765 de
550 728 677 775 φόνους
690 725 923 765 statuendum
936 727 950 765 ἒ.
969 725 1050 777 Ego
1066 725 1254 774 πολέμους
1272 726 1434 765 voluiffe
1450 726 1643 779 suspic0r;

389 780 480 818 vide
493 780 646 819 Tatian.
660 793 695 829 p.
709 791 775 826 73,
789 778 830 817 &
844 779 906 817 ΕΖ.
921 778 1058 830 Spanh.
1081 779 1126 817 ad
1140 779 1285 818 Callim.
1304 779 1342 818 &
1365 792 1466 831 quos
1483 780 1534 818 ibi
1555 782 1644 820 lau-

389 833 452 871 dat
470 833 527 871 vir
549 832 676 871 illustr.
694 832 785 870 Plat.
799 837 888 880 Νομ.
900 832 954 879 V,
965 833 1072 883 Virg.
1088 832 1185 870 Aen.
1200 833 1253 877 V,
1265 845 1357 884 755,
1370 832 1548 884 Thucyd.
1568 833 1643 882 111,

391 899 466 939 235
485 886 539 925 ed.
554 885 730 925 Wechel.
743 885 818 924 &c.
830 885 986 924 SOLAN.
997 884 1213 924 obsecutus
1225 884 1345 925 forem
1358 885 1481 925 lensio
1494 888 1533 925 in
1546 888 1644 926 Her-

390 952 485 978 mot.
501 940 669 978 monenti
683 939 774 991 sip-y.
789 938 848 977 hic
868 938 1064 990 legendum
1076 966 1086 983 ,
1102 937 1128 976 sl
1149 939 1186 977 in
1202 939 1276 977 alio
1299 939 1452 977 Luciani
1469 939 1648 992 Dialogo

389 993 428 1031 id
443 991 657 1032 faciendum
671 990 929 1044 praecepiffet:
945 1003 981 1030 at
992 1004 1080 1031 cum
1097 992 1250 1031 Ionibus
1262 992 1427 1031 maxime
1439 994 1640 1046 proprium

389 1046 436 1085 sit
455 1057 656 1093 augmenta
673 1058 749 1084 tam
772 1045 1015 1096 temporalia,
1028 1057 1143 1097 quam
1167 1044 1364 1095 syllabica,
1379 1046 1584 1098 negligere,
1600 1058 1646 1086 ut

389 1088 610 1149 ἁμείψᾏιτο,
627 1098 838 1152 ἐργάζοντο,
862 1095 938 1136 ἕλεν
953 1097 1027 1137 διε.
1043 1099 1142 1189 a¹pud
1162 1099 1349 1138 Herodot.
1371 1098 1413 1137 &
1433 1100 1539 1138 Aret.
1557 1100 1644 1152 plus

386 1154 553 1199 centies,
570 1153 657 1190 ideo
675 1154 866 1203 vulgatam
884 1152 1043 1191 omnino
1075 1152 1279 1191 ervandam
1300 1151 1446 1192 censeo.
1459 1153 1546 1192 Vid.
1564 1152 1643 1193 sae-

388 1219 438 1257 pe
451 1206 522 1244 iam
537 1206 731 1243 laudatum
745 1204 922 1243 Maittair.
942 1205 987 1244 de
1003 1204 1102 1243 Dial.
1116 1219 1150 1257 p.
1168 1219 1289 1253 ¹24-
1299 1220 1329 1257 5.
1344 1205 1487 1245 Rmz.

444 1261 516 1296 ead.
530 1259 553 1296 l.
571 1272 583 1295 ι
594 1272 628 1309 3.
640 1258 723 1309 Πρὶν
735 1257 780 1296 ἂν
797 1257 842 1296 3⁸22
859 1260 965 1310 παρὰ
975 1261 1145 1308 μάντεων
1156 1258 1313 1298 ἀκοῦσαι
1326 1259 1341 1311 )
1356 1258 1418 1298 De
1433 1271 1541 1298 more
1554 1272 1644 1299 ora-

386 1312 478 1350 cula
491 1312 526 1349 in
540 1310 744 1350 condendis
762 1311 922 1350 urbibus
935 1311 1172 1357 consulendi,
1185 1311 1338 1364 aliisque
1351 1313 1449 1352 circa
1466 1313 1561 1352 idem
1577 1326 1644 1354 ne-

389 1365 537 1416 gotium
550 1364 682 1403 ritibus
693 1393 706 1413 ‚
718 1365 793 1404 vid.
807 1364 832 1404 S
860 1365 945 1403 anh.
963 1366 999 1402 in
1014 1376 1107 1402 nott.
1123 1365 1168 1402 ad
1181 1365 1326 1404 Callim.
1341 1380 1376 1417 p.
1392 1366 1456 1405 80.
1470 1367 1614 1406 Rmz.

445 1419 534 1469 Pag.
552 1431 638 1465 227.
652 1420 674 1455 l.
693 1432 726 1457 2.
742 1418 810 1455 Καὶ
853 1417 986 1469 pinum)
1001 1417 1118 1457 Conf.
1129 1417 1315 1457 historiam
1328 1419 1496 1459 Danielis
1507 1421 1552 1458 de
1561 1421 1644 1460 dra-

388 1484 490 1510 cone
504 1471 727 1521 Babylonio
740 1471 904 1510 numinis
917 1471 1029 1510 instar
1042 1471 1148 1511 culto
1158 1502 1171 1520 ‚
1184 1470 1244 1510 sed
1259 1472 1412 1512 obiecto
1420 1473 1514 1512 bolo
1526 1474 1643 1512 medi·

390 1536 482 1564 cato
503 1525 550 1563 ab
572 1525 652 1575 ipso
672 1525 895 1570 interemto,
909 1537 1007 1576 quae
1027 1525 1065 1563 in
1090 1525 1242 1576 vulgata
1257 1526 1443 1579 reperitur
1457 1539 1488 1566 c.
1503 1527 1646 1566 ultimo

386 1577 573 1617 Danielis.
585 1577 625 1615 ln
642 1578 818 1617 versione
829 1578 984 1617 Lutheri
996 1589 1124 1618 autem
1134 1579 1236 1618 libris
1245 1579 1480 1631 apocryphis
1493 1591 1642 1620 annexa

388 1630 454 1669 est.
467 1631 575 1669 Adde
593 1631 791 1683 Spanhem.
808 1632 855 1670 ad
867 1631 1017 1671 Callim.
1038 1645 1074 1682 p.
1091 1646 1182 1684 394,
1202 1632 1454 1684 nummosque
1465 1633 1642 1673 draconi-

386 1684 460 1723 bus
481 1683 679 1735 inscriptos
698 1686 745 1723 ab
763 1685 899 1725 eodem
915 1685 1087 1736 prolatos
1105 1687 1150 1724 ad
1165 1685 1356 1737 Aristoph.
1374 1685 1468 1725 Plut.
1481 1700 1521 1725 v.
1536 1700 1613 1739 732
1625 1717 1647 1734 ,>

387 1749 476 1789 pag.
496 1749 676 1776 notarum
693 1740 777 1778 262.
791 1738 899 1777 Adde
911 1738 951 1777 &
969 1738 1093 1778 Schol.
1107 1739 1396 1792 Aristophanis,
1412 1739 1452 1778 &
1465 1740 1644 1781 Macrob-

384 1791 464 1830 Sat.
485 1791 521 1839 1,
537 1804 597 1830 20.
613 1791 673 1830 Ac
688 1791 989 1831 Meibomiumin
1004 1792 1135 1830 iusiur.
1149 1792 1331 1844 Hippocr.
1347 1806 1383 1844 p.
1397 1807 1456 1846 33.
1469 1793 1610 1833 Rerrz.

439 1846 510 1882 ead.
525 1845 549 1882 l.
566 1857 596 1894 ς.
608 1842 818 1898 Ἱρώτατον)
841 1844 963 1884 Re&e
977 1845 1036 1886 hic
1057 1844 1236 1885 Cod.W.
1257 1845 1298 1898 ip.
1315 1845 1479 1886 Peccant
1497 1848 1643 1900 ubique

384 1896 548 1949 impreffi
564 1898 601 1936 in
618 1897 688 1938 hac
706 1910 816 1938 voce.
836 1899 993 1938 Sor-AN.

439 1953 512 1990 ead.
529 1952 554 1989 l.
569 1951 604 1989 8.
617 1945 735 2003 ’Όφροι
751 1952 809 2002 ϊὲῳ
824 1954 954 1991 νέκυας
965 1951 1058 2004 διε.)
1072 1952 1233 1992 Homer.
1246 1951 1322 1993 od.
1337 1957 1391 1999 Λ-,
1404 1965 1468 2006 93.
1480 1952 1641 1994 SOLAN.

438 2004 530 2057 Pag.
550 2003 636 2044 228.
655 2008 677 2044 l.
695 2019 728 2044 1.
745 2005 1234 2058 Abnovp705)Pleniluniuin
1256 2018 1392 2058 magna
1414 2006 1642 2059 superstitio-

379 2071 435 2097 ne
448 2058 611 2109 antiquis
623 2058 840 2107 colebatur3
856 2060 946 2099 &in
962 2071 1011 2098 eo
1027 2059 1202 2099 mulieres
1216 2071 1324 2113 partu
1343 2058 1488 2099 facilius
1503 2060 1640 2109 levari,

380 2111 512 2151 scribit
524 2112 709 2151 Plutarch.
725 2112 915 2152 Proelium
930 2113 1215 2152 Lacedaemonii
1227 2123 1314 2152 ante
1325 2113 1576 2162 plenilunium
1587 2127 1639 2154 ex

380 2165 553 2216 Lycurgi
568 2177 772 2219 praecepto
792 2177 871 2206 non
888 2165 1047 2206 inibant.
1062 2165 1201 2206 Erasm.
1216 2167 1255 2206 in
1268 2166 1391 2219 Adag.
1403 2167 1560 2219 Aceffaeei
1578 2169 1639 2207 lu*—

379 2231 441 2257 πα.
564 2230 604 2257 N.
789 2255 798 2265 Α

436 2274 510 2310 ead.
524 2273 547 2311 l.
571 2285 603 2310 2.
619 2271 759 2326 Νόμου)
775 2273 1130 2327 Huiusexemplum
1149 2272 1291 2326 infigne
1309 2273 1424 2313 habes
1436 2274 1539 2327 apud
1558 2275 1640 2316 He·

380 2325 467 2365 rod.
479 2325 548 2364 v1.
565 2325 721 2364 SOLAN.
1314 2343 1324 2361 ⁴.

435 2380 507 2416 ead.
521 2380 544 2416 l.
561 2381 597 2418 6.
612 2378 810 2432 Ἀρκέιέες)
826 2379 867 2418 ln
887 2379 1072 2419 summam
1091 2393 1243 2420 morum
1263 2380 1529 2420 immanitatem
1545 2380 1638 2421 effe·

377 2433 454 2469 rati
470 2431 573 2477 sunt,
590 2434 695 2485 quod
709 2435 843 2472 ceteris
857 2434 1039 2472 omnibus
1056 2434 1368 2485 amplectentibus
1381 2434 1638 2487 astrologiam,

381 2485 598 2539 ceterasque
617 2485 790 2528 liberales
810 2486 1221 2542 disciplinas,quarum
1243 2487 1351 2530 cultu
1372 2487 1637 2540 mansuescunt
1698 2519 1701 2521 -
