1730 3326
364 203 457 253 520
560 180 1436 235 'ANNOTATI'ONES

416 279 497 316 ibid.
511 274 604 317 ow
617 274 759 330 ἱερήϊον)
770 277 918 317 Locum
932 277 1093 317 Homeri
1107 278 1397 317 emendavimus
1407 308 1416 322 .
1436 277 1472 316 in
1485 291 1565 330 quo
1575 276 1626 319 E-

363 330 508 370 rasmus
528 328 650 383 ἱερήϊον
659 332 838 382 porcellum
858 342 1027 370 verterat
1039 362 1050 379 ,
1069 331 1159 370 dum
1176 331 1268 383 legit
1280 327 1378 370 ὑεῖον.
1395 332 1567 371 Bounn.
1582 332 1630 371 11.

363 389 395 422 X
410 413 423 430 ‚
444 396 527 436 159,
540 385 622 423 ἐπεὶ
646 381 723 436 οὐχ
748 381 867 434 ἱερήϊον
891 379 975 423 οὖὸὲ
989 384 1101 430 βοείην
1123 385 1330 434 ’Ambo-&mu
1355 381 1409 431 ἑξ,
1423 398 1466 423 τε
1490 386 1628 425 ποσσὶν

363 436 498 475 &zema
521 439 668 488 ssve-tou
693 436 843 486 οινὲρῶν.
868 436 988 489 Quae
1006 437 1056 476 ibi
1080 437 1204 476 laudat
1226 437 1424 484 Clarkius,
1448 437 1535 477 satis
1560 437 1630 477 fir-

363 501 470 529 mant
484 491 830 542 interpretationem
847 490 1011 530 nostram
1027 489 1167 543 ἱερείου,
1185 503 1298 542 quam
1311 492 1492 543 porcellum
1509 491 1631 531 reddi-

363 544 453 582 dere
465 544 536 583 alii.
551 544 677 583 stn.
691 543 768 584 Etsi
784 544 875 582 nihil
889 543 1052 590 interest,
1066 544 1267 596 quomodo
1280 545 1338 583 hic
1355 545 1474 597 legas,
1491 545 1630 598 ἱερήϊον,

364 609 413 635 an
428 596 560 648 ἱερεῖον,
576 597 696 637 dicam
719 609 846 638 tamen
858 626 868 643 ‚
884 611 952 636 cur
968 596 1150 639 parisinae
1172 596 1240 636 soli
1260 597 1605 650 obtemperaverim
1617 629 1631 646 ‚

363 651 475 690 cuius
487 650 688 690 lectionem
704 663 783 689 non
803 663 1007 690 annotarat
1021 650 1184 690 Solaniis
1205 649 1340 690 noster.
1362 652 1506 705 Recepi
1523 653 1628 692 enim

364 704 452 748 hoc,
464 705 556 755 quia
567 717 615 742 ex
627 706 805 743 Homero
819 704 886 743 est:
899 716 937 743 at
948 717 1036 744 cum
1049 703 1182 744 versus
1193 717 1270 743 non
1281 703 1340 750 fit,
1348 705 1516 750 dices‚ad
1531 718 1628 754 rem,

362 769 443 796 non
471 758 587 796 verba
599 787 609 803 ‚
631 757 827 810 respexisse
842 758 1066 798 Lucianum.
1079 758 1227 796 Verum
1243 758 1332 809 quia
1350 758 1449 797 illius
1463 759 1631 799 imitatur

362 809 564 850 dialefmm
579 815 616 850 in
630 812 748 851 modo
760 811 960 863 praemisso
975 811 1169 853 vocabulo
1181 812 1300 859 βοειης
1327 824 1429 864 patet
1443 813 1554 852 etiam
1570 813 1630 852 al-

363 874 481 903 teram
497 866 540 903 ad
556 866 711 905 eandem
723 865 797 905 effe
812 865 1061 904 formandam.
1078 865 1221 905 Rfflrz.

417 920 491 957 ead.
506 920 530 957 l.
542 932 579 967 7.
593 918 743 972 Μύριοιι)
761 920 925 958 Eandem
937 932 1022 958 cum
1037 920 1209 960 Luciano
1222 918 1407 958 summam
1420 919 1534 958 tradit
1547 919 1632 960 Phi.

363 970 543 1011 lostratus
557 974 595 1012 in
611 973 824 1013 Theodoto
835 972 951 1025 Soph.
968 985 1052 1025 pag.
1071 974 1141 1024 566
1156 985 1164 1011 :
1181 972 1265 1012 τοὺς
1278 973 1346 1023 μὲν
1361 973 1632 1024 Πλοιτωνείους,

363 1025 430 1063 καὶ
444 1025 527 1064 τοὺς
539 1028 617 1065 ἀπὸ
632 1025 697 1065 τῆς
710 1025 835 1066 Στοᾶς
849 1028 912 1064 καὶ
927 1025 991 1064 τοῦ
1008 1028 1220 1077 Περιπάτου
1231 1056 1241 1071 ,
1257 1026 1321 1066 καὶ
1335 1023 1448 1066 adm
1461 1026 1634 1066 'Em-inov-

362 1094 419 1130 ρον
433 1079 663 1131 προσέταξεν
677 1079 692 1118 ὃ
709 1079 858 1132 Μάρκος
876 1080 927 1130 τῷ
939 1079 1074 1132 Ἡρώδῃ
1097 1081 1219 1131 κρίνειε.
1238 1080 1355 1119 Erant
1371 1081 1522 1133 quidem
1543 1092 1632 1122 ante

363 1132 467 1172 hunc
478 1134 750 1185 Imperatorem
765 1135 925 1173 Athenis
943 1132 1192 1179 Professores,
1211 1132 1270 1173 secl
1287 1147 1367 1173 non
1382 1147 1432 1174 eo
1445 1133 1631 1187 stipendio

362 1185 495 1225 dotati.
518 1187 620 1225 Idem
641 1202 676 1238 p.
694 1188 788 1238 556,
801 1187 842 1227 ἃ
859 1199 956 1227 nott.
972 1187 1128 1229 Sueton.
1141 1188 1258 1239 Vesp.
1273 1200 1357 1241 cap.
1377 1202 1421 1238 ¹7
1436 1201 1445 1227 :
1461 1188 1600 1228 Primus
1612 1205 1630 1227 e

354 1239 446 1290 fisco
467 1240 604 1278 Latinis
620 1241 819 1294 Graccffijue
837 1242 1040 1280 Rhetoribus
1063 1257 1181 1280 annua
1203 1255 1338 1281 centana
1362 1243 1539 1295 conflt'tuft.
1561 1241 1626 1283 De

362 1292 602 1344 philosophis
615 1293 718 1334 nihil.
736 1295 818 1336 Nec
838 1294 927 1334 satis
940 1295 1129 1346 assequor,
1142 1296 1282 1348 quibus
1294 1296 1505 1335 rationibus
1520 1295 1630 1335 indu-

361 1345 412 1385 &i
437 1346 512 1385 viri
533 1348 684 1399 quidam
705 1348 903 1387 doffi‘tiffirni
923 1349 1059 1389 errass'e
1074 1350 1110 1387 in
1134 1362 1174 1388 re
1193 1361 1269 1387 tam
1293 1360 1423 1401 aperta
1445 1350 1562 1389 velint
1582 1364 1628 1389 u-

360 1410 556 1453 trumque.
572 1401 699 1442 Aliam
715 1412 843 1442 tamen
858 1402 1040 1443 summam
1059 1403 1168 1442 tradit
1185 1402 1375 1443 Tatianus
1389 1417 1425 1454 p.
1439 1416 1504 1451 70,
1519 1416 1627 1443 nem-

360 1466 409 1505 pe
425 1452 831 1508 {gamo-iomwucofis,
849 1470 950 1510 quae
962 1456 1107 1496 summa
1123 1457 1259 1509 quinta
1272 1468 1380 1509 parte
1393 1457 1624 1496 Lucianeam

359 1506 536 1561 superat,
557 1509 585 1548 s1
603 1510 867 1562 Aristophanis
883 1508 1105 1550 Scholiastes
1125 1511 1189 1563 (p.
1201 1510 1304 1563 741)
1330 1511 1500 1550 valorem
1520 1512 1625 1552 aurei

358 1561 494 1600 iustam
518 1562 731 1615 affignavit.
759 1564 966 1605 Cressolius
989 1563 1172 1604 summam
1203 1578 1223 1602 a
1247 1565 1419 1604 Luciano
1446 1565 1624 1605 traditam

357 1614 434 1668 833
451 1628 589 1656 aureos
609 1617 782 1657 Gallicos
800 1618 991 1658 conficere
1005 1618 1078 1664 ait,
1091 1618 1181 1658 AG.
1196 1619 1254 1664 X,
1277 1631 1311 1670 p.
1333 1618 1415 1667 184.
1431 1618 1626 1672 [Historia

357 1668 497 1716 docet,
510 1669 691 1724 stipendia
711 1670 950 1725 Philosophis
962 1672 1009 1711 ab
1023 1672 1226 1712 Antonino
1243 1672 1313 1712 Pio
1328 1686 1371 1712 ac
1386 1673 1440 1712 M.
1459 1673 1624 1713 Aurelio

356 1723 444 1761 data
459 1722 580 1764 fuiffe.
591 1724 757 1777 Capitol.
774 1727 811 1765 in
826 1727 922 1765 illius
934 1727 1016 1764 vita
1032 1740 1066 1777 p.
1085 1741 1104 1765 2
1115 1740 1127 1764 1
1148 1726 1193 1765 C.
1209 1727 1423 1774 Rhetoribus‚
1436 1727 1570 1779 inquit,
1585 1728 1621 1766 G»

356 1777 578 1831 Philofiwphir
588 1793 649 1828 per
667 1796 779 1818 omncs
789 1781 994 1833 provincias,
1016 1781 1051 1818 δ’
1067 1783 1205 1819 honores
1219 1781 1253 1819 δ’
1269 1780 1403 1831 Jleart'a
1417 1782 1548 1822 detulit.
1564 1781 1624 1821 Si⁴

355 1830 446 1870 mile
466 1833 556 1882 quid
578 1833 754 1872 Marcum
776 1847 932 1886 quoque
945 1832 1181 1886 praestitisse,
1196 1834 1294 1873 haud
1309 1833 1470 1874 obscure
1484 1835 1622 1875 indicat

353 1882 441 1924 Dio
454 1885 614 1938 (LXXI,
628 1901 662 1938 p.
678 1887 722 1926 81
735 1888 786 1941 5.)
799 1891 862 1928 Ex
874 1904 953 1941 quo,
968 1889 1033 1935 ait,
1041 1891 1171 1938 janam
1185 1890 1243 1940 est,
1254 1901 1293 1927 ut
1303 1902 1427 1940 magna
1438 1890 1621 1928 multituda

346 1939 388 1991 se
396 1940 631 1994 philosophari
635 1943 865 1993 simulaverit,
884 1954 924 1981 ut
935 1944 977 1980 ab
990 1957 1027 1980 eo
1042 1941 1218 1995 (Marco)
1232 1943 1494 1996 locupletaretur.
1514 1942 1619 1984 Idem

353 1990 598 2043 Capitolinus
611 1996 650 2034 in
664 1996 777 2036 huius
797 1996 978 2049 principis
991 1996 1072 2034 vita
1094 1995 1280 2048 significat
1292 2011 1326 2048 p.
1341 2010 1388 2047 32
1403 1995 1447 2036 C.
1463 1997 1564 2037 Vide
1575 1997 1617 2037 &

352 2043 547 2087 Galerium
562 2062 697 2102 progn.
713 2050 759 2090 T.
773 2050 846 2095 ΙΙΙ,
864 2064 898 2102 p.
919 2052 996 2098 460
1008 2051 1064 2089 ed.
1084 2049 1167 2093 Bas.
1186 2049 1294 2103 1538.
1315 2049 1397 2089 Dio
1413 2050 1559 2096 LXXI,
1578 2064 1617 2103 p.

351 2100 431 2149 814
445 2103 493 2140 A.
506 2103 651 2144 Till.T.
666 2104 721 2150 11,
735 2117 769 2154 p.
783 2104 831 2143 68
840 2119 873 2143 2.
890 2103 1002 2143 Plura
1018 2117 1114 2144 vero
1127 2103 1327 2143 Salmasius
1341 2114 1423 2144 not.
1441 2104 1486 2143 ad
1499 2103 1617 2157 Capi-

349 2154 418 2193 tol.
433 2169 470 2207 p.
486 2170 536 2206 72
552 2157 688 2196 dehoc
704 2158 857 2197 Tatiani
869 2158 959 2197 loco
976 2157 1108 2204 habet,
1126 2157 1244 2197 ubi&
1257 2157 1401 2198 Dionis
1419 2158 1547 2196 locum
1565 2159 1616 2198 ci·

351 2218 428 2256 tat;
449 2211 549 2249 unde
561 2210 748 2258 discimus,
765 2213 819 2252 M.
838 2212 1038 2251 Aurelium
1054 2213 1100 2251 ab
1110 2211 1275 2251 Oriente
1288 2212 1505 2252 redeuntem
1525 2211 1614 2264 (cir-

349 2275 394 2305 ca
408 2263 457 2301 A.
469 2263 514 2303 C.
533 2265 629 2317 176)
643 2279 728 2305 cum
744 2266 906 2306 Athenis
923 2267 1092 2318 degeret,
1108 2279 1269 2319 magnos
1287 2266 1453 2306 honores
1466 2265 1615 2305 tribuis-

348 2315 386 2355 se
398 2317 714 2367 Athenienfibus;
729 2332 844 2372 atque
854 2320 1026 2373 magistros
1039 2320 1186 2359 Athenis
1197 2321 1234 2358 in
1247 2321 1353 2359 omni
1367 2319 1608 2359 scientiarum

350 2383 491 2421 genere
508 2374 686 2413 omnibus
710 2375 887 2426 gentibus
902 2374 1101 2426 constitulffb
1113 2405 1124 2419 ‚
1143 2374 1251 2427 eisqtze
1273 2389 1424 2413 annuum
1440 2373 1610 2424 fitlarIum

345 2423 516 2476 tribuff:
530 2428 595 2479 qui
608 2431 746 2477 μισὲςος
768 2426 908 2467 §vio-105
926 2438 1033 2467 erant
1051 2429 1179 2479 μυρίαι
1200 2427 1406 2480 δραχμαὶ,
1426 2439 1468 2466 ut
1481 2426 1621 2466 obser·.

349 2488 416 2518 vat
430 2478 648 2530 Salmasius,
663 2481 778 2527 allato
790 2482 905 2523 etiam
924 2482 1047 2529 hocce
1062 2482 1215 2530 Luciani
1228 2483 1330 2528 loco.
1348 2483 1477 2534 Μυρίοω
1498 2494 1613 2530 aia-regg
