1730 3326
370 205 459 274 5&
567 202 1440 256 ANNOTATIONES

419 298 493 335 ead.
506 297 533 347 ζ.
550 287 751 348 13.””Ηττον
765 283 1172 346 εὖφροιίνουσινΫΗττον
1184 289 1433 348 ξῦφροιίνωσιν.
1444 293 1634 334 MARCUS.

418 351 496 389 ibid.
509 349 568 388 Ἢν
581 350 597 402 )
611 348 843 389 Praeferrem
864 348 1068 402 leffionem
1082 347 1168 386 Pell.
1184 344 1274 387 'oio-ow
1298 348 1531 395 exhibentis,
1546 361 1636 387 cum

365 396 403 443 „⁸⁹⁹
418 403 462 441 sit
478 403 589 442 σεῦε
603 403 748 442 Dorica
760 432 770 447 ‚
787 414 859 454 pro
873 399 982 448 iio-av,
1000 401 1064 440 vel
1085 401 1189 453 quod
1209 400 1246 438 hi
1260 401 1419 452 pluralia
1435 400 1641 441 cuiuscun-

365 469 442 508 que
459 457 606 509 generis
624 469 712 495 cum
728 457 849 495 verbo
865 454 955 507 fing.
975 452 1194 494 construere
1208 465 1347 494 ament.
1365 454 1455 494 Vid.
1477 454 1638 494 omnino

367 511 563 550 Maittaire
576 510 620 548 de
634 509 814 549 Dialeeit.
829 523 866 561 p.
885 507 1051 556 207-8.
1068 507 1215 546 Rmrz.

421 567 494 602 ead.
506 565 530 602 l.
549 577 605 612 14.
623 563 772 602 Κλισίαι
788 585 833 591 -
847 561 897 614 ἃ)
917 560 1040 613 Quasi
1053 559 1246 613 scripsrffet
1259 559 1417 612 ἒὲνὲρα,
1435 560 1498 600 vel
1512 561 1640 611 φυτέιρ

366 617 431 657 vel
447 615 656 667 οἰκήματα.
670 617 766 668 Cap.
786 629 847 664 17,
860 615 1060 664 συμπόσια,
1073 624 1279 661 vocantur,
1295 615 1340 652 ad
1360 627 1475 665 quam
1492 627 1641 654 vocem

367 671 496 723 potius
514 669 714 723 respexisse
733 669 962 708 crediderim.
977 668 1133 707 SOLAN.
1155 668 1192 706 Si
1205 668 1289 719 quis
1303 666 1439 706 Codex
1461 667 1508 706 ἃς
1521 667 1642 708 habe-

369 736 451 768 ret,
473 725 563 762 nihil
587 736 851 775 repugnarem.
878 722 957 760 Iam
979 733 1079 760 vero
1095 721 1186 760 nihil
1208 733 1339 766 muto,
1355 722 1444 773 quia
1465 720 1507 760 &
1524 721 1642 772 paulo

371 790 458 817 ante
484 777 688 816 habuimus
707 775 734 814 22
760 775 844 829 post
869 774 1115 814 masculinum
1136 774 1302 826 καρπῶν,
1318 774 1357 812 8(
1377 774 1486 827 supra
1507 789 1528 813 2
1545 775 1640 815 Ver.

369 831 467 871 Hist.
481 844 513 870 c.
528 846 573 883 43
593 830 617 870 f.
639 832 830 869 Ξιόιλιισσοι
845 851 889 859 -
902 828 987 866 κατ’
1001 827 1121 868 ἐκεῖνο.
1136 828 1183 866 Et
1199 828 1362 880 elliptice
1375 827 1425 867 fic
1439 828 1563 880 potest
1575 841 1644 868 ex-

370 886 486 938 poni,
500 885 645 923 κλισέκι
659 914 670 930 .,
687 884 735 923 εἰς
751 883 777 921 ἃ
790 882 953 922 κλισιῶν.
968 882 1067 920 Nam
1083 882 1123 921 &
1137 882 1246 921 locus
1267 894 1346 920 non
1364 880 1486 921 solum
1503 893 1642 922 neutro

370 951 510 991 genere
526 952 590 991 per
609 937 645 976 se
658 939 820 990 exprimi
834 936 948 982 solet,
963 946 1006 974 ut
1020 935 1155 974 Matth.
1168 935 1296 982 XXII,
1312 949 1360 987 34
1372 965 1385 982 ‚
1399 934 1643 987 συνήχθησαν

371 993 434 1032 ἐπὶ
449 994 491 1031 τὸ
506 989 620 1036 αὐτὸ,
634 1005 678 1031 ac
693 991 899 1030 sexcenties
921 990 1008 1028 alibi
1023 990 1122 1040 apud
1140 989 1255 1034 alios,
1272 999 1315 1027 ut
1336 989 1371 1028 ἐς
1394 992 1436 1027 το
1449 989 1545 1028 αὐτὸ
1561 989 1644 1040 ξυν-

371 1046 550 1091 ελθόντες,
562 1046 745 1096 Tliucyd.
760 1046 812 1092 V,
823 1057 856 1084 c.
876 1056 944 1096 553
960 1056 1096 1082 verum
1110 1042 1150 1082 δι
1166 1043 1413 1095 praecedente
1430 1042 1644 1090 feminino,

335 1110 338 1111 ’
373 1112 416 1139 nt
437 1113 496 1152 ap.
510 1100 690 1150 Thucyd.
714 1098 946 1150 frequenter,
959 1110 990 1138 e.
1003 1110 1037 1136 c.
1058 1096 1099 1145 Ι,
1115 1110 1176 1148 59,
1189 1097 1388 1148 τρέπονται
1403 1097 1453 1136 εἰς
1468 1096 1645 1135 Manab-

373 1154 464 1199 νίαν,
479 1153 536 1202 ἐφ’
549 1153 637 1203 ὅπερ
651 1153 714 1190 καὶ
733 1152 911 1203 πρότερον.
926 1151 1044 1203 quue
1056 1150 1143 1189 huic
1163 1149 1337 1203 scriptori
1349 1151 1553 1204 proprium
1568 1149 1645 1190 effe

373 1218 507 1245 monet
518 1205 617 1245 Suid.
630 1220 669 1245 v.
684 1204 1018 1245 eounus1s»1;.Vid.
1039 1203 1232 1257 praemissa
1242 1204 1425 1255 Thucyd.
1436 1204 1494 1244 ed.
1509 1203 1646 1244 Duke-

372 1260 502 1299 rianae
520 1274 556 1311 p.
574 1272 634 1298 10.
647 1259 851 1311 Ipsumque
864 1258 1050 1309 Thucyd.
1064 1258 1104 1304 1,
1120 1271 1179 1310 59.
1192 1258 1269 1298 Ubi
1285 1258 1414 1311 Steph.
1436 1257 1647 1304 existimat,

372 1312 474 1365 ἔργον
498 1324 564 1352 aut
579 1313 696 1353 fimile
710 1314 804 1365 quid
825 1312 1132 1364 intelligendum:
1149 1312 1258 1364 quod
1281 1309 1387 1364 ἔργον
1408 1311 1472 1352 hic
1491 1312 1645 1364 quidem

373 1367 479 1420 poffe
495 1367 666 1406 iul->stimi
691 1366 831 1412 fateor,
847 1366 934 1404 alibi
949 1378 1027 1405 non
1055 1365 1167 1412 item3
1189 1364 1250 1404 sed
1267 1366 1313 1404 ad
1334 1365 1548 1418 generalem
1571 1378 1646 1405 no·

373 1422 519 1460 tionem
541 1422 618 1460 loci
642 1421 910 1460 recurrendum
924 1449 935 1467 ‚
955 1420 1016 1458 vel
1038 1420 1170 1471 χωρίον
1191 1419 1487 1471 intelligendum.
1506 1419 1646 1472 Neque

374 1476 475 1514 enim
493 1476 588 1514 adeo
602 1474 716 1513 refert
729 1506 739 1523 ,
754 1475 849 1527 quid
862 1473 1111 1526 intelligatur,
1123 1473 1243 1512 modo
1257 1472 1307 1512 fic
1324 1473 1432 1526 loqui
1447 1472 1645 1521 Graecos,

375 1529 598 1583 probemus.
614 1529 672 1568 Ne
685 1530 756 1567 iam
772 1528 845 1567 alia
857 1526 1023 1567 eiusdem
1037 1539 1139 1566 nunc
1150 1527 1381 1566 adducamus
1392 1555 1403 1574 ,
1418 1526 1513 1573 utI,
1530 1539 1544 1565 ι
1557 1539 1598 1580 ¹3
1616 1525 1648 1567 f.

377 1582 551 1622 σπονέἒις
562 1584 807 1633 ποιησάμενοι
821 1612 833 1628 ,
845 1582 904 1632 ἐφ’
917 1578 958 1631 ξδ’
977 1580 1085 1621 cuius
1099 1581 1215 1632 paulo
1231 1581 1302 1620 alia
1312 1579 1368 1620 est
1381 1580 1492 1620 ratio.
1510 1579 1648 1621 Genus

377 1648 505 1675 autern
521 1648 699 1676 neutrum
711 1667 722 1684 ‚
738 1645 781 1675 ut
797 1635 973 1688 generale
984 1665 996 1681 ,
1011 1635 1106 1674 &in
1119 1634 1204 1674 aliis
1217 1634 1480 1674 locutionibus
1492 1632 1647 1674 subiun-

376 1691 416 1741 gi
430 1689 666 1729 substantivis
679 1689 830 1729 mascul.
845 1702 890 1729 ac
904 1687 1035 1728 femin.
1048 1688 1132 1741 quis
1146 1688 1284 1729 nescit?
1299 1688 1362 1728 Sic
1379 1689 1481 1728 enim
1496 1689 1649 1730 Aelian.

377 1745 432 1784 V.
449 1745 496 1783 H.
509 1743 562 1783 Ill
573 1773 583 1791 ,
600 1743 646 1795 38
659 1775 670 1791 ‚
684 1744 752 1782 τὴν
769 1744 899 1782 ἐλαίαν
914 1743 978 1781 καὶ
991 1743 1054 1781 τὴν
1067 1740 1192 1789 συκῆν,
1208 1741 1236 1780 a
1248 1765 1293 1772 —
1309 1740 1328 1783 ἦ
1343 1741 1575 1796 ’γῖῖίινέὲωκε
1587 1741 1649 1795 (fi-

377 1811 430 1836 ve
443 1797 582 1850 se'vspoe
598 1796 622 1836 s.
638 1798 736 1837 aliud
750 1798 840 1848 quid
855 1796 1099 1849 intelligens.)
1116 1796 1224 1835 Aret.
1236 1795 1358 1849 Capp.
1373 1796 1414 1835 L.
1437 1811 1458 1835 2
1470 1825 1481 1844 ,
1500 1809 1533 1836 c.
1556 1810 1571 1835 1
1589 1809 1648 1849 pr.

378 1852 610 1905 φλεγμασίη
627 1851 689 1890 καὶ
704 1851 853 1903 πρῆσις,
865 1851 925 1899 ἐφ’
937 1847 1022 1890 οἶσι.
1036 1850 1182 1902 Evang.
1197 1850 1336 1906 Matth.
1351 1848 1429 1897 lx,
1445 1863 1505 1900 17,
1519 1848 1646 1901 ἀμφὸ.

378 1919 472 1957 τερα,
486 1903 746 1955 συντηροῦνται
758 1935 769 1950 ,
783 1904 866 1958 post
879 1905 959 1943 duo
975 1903 1085 1943 subst.
1100 1902 1212 1942 masc.
1225 1901 1310 1943 diver
1331 1903 1370 1943 δι
1383 1902 1531 1943 ἀσκούς.
1545 1904 1648 1943 Ben-

378 1960 499 2012 gelius
512 1971 638 1998 tamen
651 1957 852 2011 ἀμφότεροι
871 1957 1002 2005 edidit,
1018 1970 1068 1997 ex
1087 1957 1163 1996 alio
1176 1957 1274 1997 Cod.
1289 1956 1348 1996 sed
1361 1956 1438 1997 fine
1451 1956 1648 1997 necestita-

377 2024 429 2054 te.
444 2013 537 2052 Ibid.
561 2013 696 2052 XVIII
707 2044 719 2062 ‚
730 2012 758 2052 8
771 2043 782 2061 ,
796 2013 826 2052 εἰ
841 2011 887 2052 ἑὲ
906 2010 924 2053 ἦ
939 2012 1026 2064 χείρ
1044 2025 1112 2051 σου
1123 2040 1134 2058 ,
1149 2012 1167 2052 ἢ
1187 2011 1202 2050 ὃ
1218 2010 1312 2052 σιούς
1320 2026 1388 2052 σου
1402 2010 1648 2063 σκανέοιλὶζει

379 2082 438 2115 σε,
455 2066 613 2117 ἔκκοψον
629 2064 746 2107 αὐτοὶ.
759 2065 823 2107 Sic
836 2065 943 2106 versa
955 2066 1040 2106 vice
1053 2064 1142 2105 ibid.
1156 2077 1189 2105 c.
1201 2065 1270 2105 ult.
1286 2064 1311 2105 f.
1322 2066 1370 2105 ad
1381 2067 1433 2105 τὰ
1445 2064 1521 2106 ἔθνη
1535 2064 1650 2106 refer·

380 2133 444 2161 tur
457 2118 604 2160 αὐτούς.
619 2120 769 2160 Aelian.
783 2120 822 2169 Ι,
839 2133 903 2168 20,
921 2119 1084 2173 χρυσοῦς
1096 2119 1346 2172 βοστρύχους,
1358 2118 1543 2159 κελεύσεις
1555 2118 1650 2158 ἁπο-

378 2175 502 2228 nespas
523 2189 608 2214 τινα
628 2171 733 2214 αὐτὸ.
746 2174 874 2227 Quod
893 2174 961 2215 etsi
985 2173 1033 2214 ad
1051 2171 1226 2227 ἄγαλμα
1246 2173 1380 2213 referri
1402 2183 1541 2227 queat,
1558 2185 1648 2213 cum

379 2241 505 2282 aeque
520 2229 670 2268 dicatur
685 2228 807 2280 κείρειν
826 2231 914 2268 τινὰ
925 2258 938 2274 ,
959 2229 1081 2280 κείρειν
1100 2227 1284 2278 κεφαλὴν,
1299 2240 1417 2280 quam
1437 2228 1562 2280 κείρειν
1573 2228 1650 2281 τρὶ·

379 2297 484 2335 χαις,
506 2292 633 2321 tamen
653 2282 780 2321 malim
801 2283 846 2322 ad
863 2282 1095 2336 βοστρύχους
1111 2280 1252 2321 referre
1264 2311 1275 2329 ,
1290 2280 1482 2321 intelle&0
1499 2278 1650 2333 χρῆμα.

379 2337 454 2377 Sed
466 2337 510 2391 §z
524 2337 654 2377 locum
668 2347 808 2376 neutro
821 2349 960 2390 genere
972 2334 1150 2389 expreffit
1159 2335 1266 2375 Suet.
1280 2335 1385 2389 Aug.
1397 2349 1447 2386 72
1457 2366 1470 2384 ,
1489 2334 1556 2375 etsi
1569 2347 1649 2375 ma·

379 2390 471 2431 seul.
495 2390 723 2443 praemittit:
744 2390 794 2429 ait
814 2391 915 2430 enim
928 2420 939 2438 ‚
957 2393 1021 2429 Ex
1033 2390 1206 2442 ficeffibus
1225 2390 1403 2442 praecipue
1415 2388 1651 2442 frequentavit

381 2445 564 2484 maritima.
588 2445 863 2497 Neutrumque
883 2444 965 2483 aliis
986 2442 1098 2483 subst.
1115 2443 1282 2484 cuiusvis
1302 2445 1453 2496 generis
1473 2442 1650 2496 subiungi

382 2498 552 2548 Latinis,
567 2498 800 2542 tralaticium
820 2497 897 2548 est3
916 2507 959 2539 ut
973 2496 1121 2541 Sallust.
1144 2497 1225 2552 lug.
1243 2496 1290 2551 38
1303 2528 1316 2548 ‚
1339 2496 1357 2548 §
1381 2495 1427 2548 8,
1441 2498 1530 2538 Nox
1549 2509 1649 2552 atque
