1730 3326
392 208 488 263 '394
592 194 1471 246 ‘ANNo‘rAT1oNEs

392 296 488 326 num
510 286 579 326 vix
600 288 786 340 reperies,
802 287 871 339 qui
893 287 975 326 eius
998 286 1222 327 meminerit.
1241 287 1428 328 Eruditiff.
1454 297 1558 329 certe
1576 288 1666 329 Phi:-

392 339 498 379 nostr.
513 353 710 381 enarrator
722 341 936 381 Lucianum
949 353 1038 381 cum
1050 341 1218 395 Apuleio
1229 353 1442 382 coaetaneo
1453 343 1595 395 primos
1608 343 1661 383 fa-

391 393 447 433 cit
457 422 468 440 ,
482 395 599 446 praef.
616 407 699 448 pag.
713 407 774 448 33.
789 394 950 434 Sorm.

448 449 520 485 ead.
532 449 556 487 l.
572 463 585 487 ι
594 463 630 497 4.
644 451 776 500 Μικρὸν
790 444 893 488 οὐθὲν
908 447 1068 500 ἐπενόει)
1085 446 1145 487 Sic
1156 447 1241 487 Liv.
1256 448 1302 487 de
1313 447 1491 500 Scipione
1502 449 1634 489 XXIX
1645 479 1660 497 ‚

396 513 417 540 ι
431 515 440 539 :
454 500 560 541 Nihil
578 502 678 541 enim
698 514 886 554 parvum,
899 500 960 541 sed
975 500 1214 555 Carthaginis
1231 502 1307 541 iam
1327 502 1474 542 excidia
1493 502 1660 556 agitabat

394 555 540 594 animo.
555 555 714 595 somn.

449 610 522 648 ead.
533 609 555 647 l.
575 623 589 648 r
602 624 632 661 5.
647 608 902 662 Χρονογρέιφῳ)
917 607 1059 648 Forsan
1079 607 1366 661 χρησμογρίιφῳ
1378 638 1391 654 ,
1405 619 1449 647 ut
1463 607 1562 648 infra
1575 618 1662 662 σᾶμ’

400 675 462 702 10.
485 673 540 702 LA
554 662 711 702 Cnoze.
728 663 948 715 Legendum
964 664 1205 715 λογογράφῳ,
1221 661 1460 715 adscripserat
1471 662 1633 703 Solanus
1644 690 1660 709 ‚

395 727 444 755 ut
456 714 566 768 supra
579 717 724 756 Herod.
737 728 819 769 cap.
829 730 871 764 4,
885 716 953 755 ubi
965 717 1029 754 καὶ
1041 717 1296 769 συγγραφέας
1311 716 1376 755 καὶ
1389 716 1664 769 λογογράφους.

395 769 475 808 Vel
487 770 791 824 χρησμογρέιφῳ,
803 770 1109 821 videndumque,
1129 769 1236 822 quod
1255 769 1317 809 hic
1329 769 1498 822 sequitur
1511 781 1595 823 cap.
1613 781 1663 811 ιο

393 823 512 862 huius
527 823 641 863 Alex.
653 824 725 864 Sed
738 823 843 875 prius
857 824 998 862 malim.
1010 822 1154 864 Rmz.

455 878 531 914 ead.
554 878 578 916 l.
605 877 662 917 16.
681 876 908 930 Καθιέντων)
929 876 1259 917 Circulatoremne
1283 875 1478 929 intelligit?
1502 874 1661 917 SOLAN.

393 930 605 970 Κατιόντων
628 931 792 984 aliquem
817 931 1018 983 legendum
1047 931 1236 971 coniicere
1248 962 1258 977 ‚
1286 930 1437 983 Guyet.
1456 931 1509 969 ait
1528 931 1568 969 in
1588 929 1664 970 suis

397 993 499 1024 nott.
516 983 601 1025 Mff.
615 984 686 1024 Sed
700 985 790 1038 quia
804 983 899 1024 stare
912 984 1034 1037 potest
1048 985 1229 1035 vulgata,
1246 984 1338 1023 nihil
1349 995 1472 1023 muto.
1485 984 1625 1023 Rnrz.

451 1038 532 1076 ibid.
551 1039 873 1092 Καταραιτοτέρῳ)
895 1038 1067 1092 intellige
1087 1037 1230 1088 αὐτοῦ,
1244 1037 1311 1077 τοῦ
1323 1037 1566 1090 Ἀ).εξάνᾶ“ρου
1585 1036 1664 1079 scil.

398 1092 573 1133 θυῖε-ι’.

455 1146 545 1197 Pag.
563 1160 627 1195 70.
647 1147 671 1187 I.
685 1161 720 1186 2.
732 1144 918 1198 Παχεῖς)
937 1145 998 1186 Sic
1014 1158 1101 1199 pag.
1121 1143 1197 1197 seq.
1219 1145 1260 1185 δι
1278 1156 1363 1197 pag.
1385 1144 1660 1193 481.Bou1m.

396 1199 452 1238 V.
468 1198 666 1253 Aristoph.
680 1203 724 1252 ‘p.
741 1201 819 1249 670
834 1201 883 1238 A.
900 1200 947 1239 Et
962 1198 1147 1239 Nostrum
1164 1211 1196 1239 c.
1214 1212 1251 1251 9.
1272 1199 1430 1239 SOLAN.
1448 1198 1552 1238 Infra
1565 1199 1665 1237 addit

396 1253 464 1292 uzi
480 1251 626 1301 ἠλίθιοι,
641 1255 703 1292 καὶ
716 1251 958 1293 ἀπαίδευτοι.
978 1253 1026 1292 Et
1037 1252 1088 1293 stc
1108 1253 1258 1306 παχεῖς
1279 1253 1325 1292 de
1338 1253 1436 1300 rudi,
1452 1264 1496 1292 ac
1515 1251 1665 1304 stupido

399 1307 601 1345 hominum
628 1319 742 1359 grege
764 1304 958 1359 usurpari,
979 1306 1054 1346 hoc
1079 1305 1236 1358 aliisque
1258 1307 1421 1346 aliorum
1445 1305 1671 1346 testimoniis

397 1360 538 1414 probat
553 1359 650 1399 Elsn.
665 1361 711 1399 ad
721 1360 871 1412 Evang.
892 1359 1034 1399 Matth.
1048 1359 1163 1406 XIII,
1182 1372 1242 1409 ις,
1259 1373 1296 1412 p.
1311 1372 1362 1398 m.
1375 1360 1437 1409 67.
1453 1360 1601 1399 R'El'rz.

455 1417 529 1453 ead.
543 1415 567 1453 l.
584 1429 617 1467 3.
631 1414 720 1454 Τοὺς
734 1413 917 1466 πολλοὺς)
929 1413 1077 1453 Notum
1091 1413 1258 1465 quidem,
1274 1413 1400 1452 addito
1413 1413 1576 1453 articulo
1589 1414 1671 1452 vul-

396 1481 464 1521 gus
480 1468 520 1507 δι
532 1484 582 1507 res
602 1469 759 1518 vulgares
772 1466 983 1520 fignificari.
998 1467 1089 1506 Vid.
1109 1465 1294 1506 Nostrum
1314 1465 1424 1519 supra
1436 1467 1481 1506 de
1500 1467 1671 1507 Merced.

399 1522 514 1562 cond.
528 1534 562 1562 c.
584 1536 607 1573 9
618 1552 631 1568 ,
652 1522 692 1561 &
706 1521 791 1561 infr.
806 1523 880 1561 hoc
892 1521 1007 1561 Alex.
1021 1533 1054 1560 c.
1070 1534 1106 1573 9.
1122 1519 1242 1559 Dion.
1260 1520 1453 1568 Hal.v11,
1468 1535 1502 1572 p.
1516 1535 1608 1574 473,
1622 1523 1670 1560 τὶ»

399 1576 487 1626 'amp
501 1598 545 1606 -
561 1573 595 1615 ἕν
608 1590 645 1615 τι
658 1575 729 1616 τῶν
740 1573 902 1615 πολλῶν.
916 1574 977 1615 Sic
994 1573 1080 1613 τοὺς
1095 1574 1469 1614 πολλοὺςὸεὴοὶίαίὶ.
1481 1575 1669 1625 Thucyd.

398 1628 670 1682 interpretatur
689 1633 873 1675 πένητας,
888 1629 933 1667 ad
947 1629 989 1668 L.
1003 1628 1044 1675 1,
1059 1640 1092 1667 c.
1106 1628 1142 1668 6.
1158 1626 1306 1667 Confer
1327 1628 1414 1668 Ael.
1426 1629 1476 1668 V.
1493 1629 1545 1668 H.
1557 1629 1672 1676 XIV,

402 1683 429 1722 8
440 1714 452 1730 ,
466 1697 510 1723 ac
524 1684 648 1723 decies
661 1684 752 1722 alibi
769 1683 870 1736 apud
883 1682 987 1722 hunc
1000 1681 1041 1721 δι
1054 1693 1200 1721 omnes.
1213 1681 1284 1721 Sed
1304 1694 1384 1721 non
1397 1682 1484 1722 ideo
1501 1682 1594 1722 haec
1606 1683 1671 1722 ad-

401 1737 528 1784 duco,
545 1748 588 1777 ut
608 1735 821 1777 sexcenties
842 1735 939 1775 dicia
957 1747 1150 1787 repetam;
1173 1748 1310 1774 verum
1328 1747 1370 1775 ut
1387 1735 1458 1776 hac
1470 1735 1674 1777 occasione

401 1792 652 1836 admoneam,
676 1803 756 1830 non
775 1788 922 1842 semper
944 1801 1071 1828 tamen
1088 1789 1212 1840 plebem
1236 1788 1458 1841 significari,
1480 1789 1542 1829 sed
1561 1790 1671 1843 plus,

401 1846 527 1885 veluti
542 1846 581 1884 in
595 1844 707 1897 Epist.
722 1845 768 1884 ad
780 1844 897 1883 Rom.
912 1856 943 1883 c.
957 1844 1012 1890 V,
1026 1856 1040 1881 1
1054 1856 1087 1893 ς,
1102 1842 1130 1881 εἰ
1143 1844 1222 1895 γὰρ
1234 1842 1288 1891 τῷ
1299 1841 1365 1881 τοῦ
1377 1842 1450 1882 {vhe
1460 1848 1674 1894 παραπτώ-

402 1913 503 1950 ματι
519 1899 552 1939 οἱ·
567 1898 700 1938 πολλοὶ
717 1897 908 1937 ἀπέθανον.
922 1895 1034 1949 Quin
1048 1896 1088 1935 δι
1099 1895 1473 1948 univerfhsinterdum
1488 1896 1674 1950 significa·

401 1965 446 1992 re
460 1952 546 1992 τοὺς
564 1951 746 2000 πολλοὺς,
767 1952 880 1991 docet
894 1950 1078 1991 Gronov.
1104 1950 1169 2001 qui
1193 1950 1315 1990 verba
1337 1951 1487 1990 Arrian.
1507 1952 1554 1991 de
1576 1951 1672 2006 Exp-

403 2007 518 2047 Alex.
534 2006 621 2053 v11,
637 2020 660 2059 p
685 2005 758 2056 485
773 2005 831 2045 ed.
847 2007 957 2056 Amsl.
976 2004 1050 2057 (ed.
1068 2004 1164 2042 Leid.
1179 2017 1215 2056 p.
1231 2005 1338 2056 300.)
1351 2004 1415 2043 ubi
1428 1999 1474 2043 ὦς
1487 2004 1550 2044 ἐπὶ
1561 2005 1674 2056 Ἀρι.

405 2062 478 2107 βας
498 2060 585 2100 τοὺς
604 2059 767 2100 πολλοὺς
788 2059 888 2099 verti
905 2059 1009 2105 vult,
1024 2057 1199 2109 universos
1213 2058 1372 2106 Arabas‚·
1383 2071 1472 2098 cum
1485 2071 1564 2098 non
1576 2058 1675 2099 suffi-

407 2127 513 2156 ceret
523 2114 708 2154 Vulcanii
721 2112 847 2153 versto
858 2141 869 2160 ‚
883 2113 919 2151 in
931 2114 1086 2160 Arabas,
1095 2108 1296 2165 populosam
1307 2124 1446 2164 gentem.
1460 2112 1604 2152 REITz.

464 2172 538 2208 ead.
561 2170 584 2206 l.
599 2184 636 2217 4.
649 2168 917 2219 Ἀποκείροντες
937 2189 982 2196 -
1004 2165 1196 2218 Μακέτιν)
1221 2166 1307 2204 Vid.
1331 2178 1428 2218 quae
1451 2167 1610 2206 dicimus
1628 2166 1676 2206 ad

408 2222 617 2275 Philopatr.
630 2235 662 2262 c.
678 2236 699 2261 2
708 2235 722 2260 1
731 2251 743 2267 ,
755 2221 996 2272 κεκαρμένους
1008 2223 1068 2257 τὀν
1082 2218 1157 2258 νοῦν
1171 2219 1234 2258 κα.)
1247 2219 1311 2259 τὴν
1320 2219 1502 2259 διάνοιαν.
1514 2221 1574 2260 Sic
1586 2233 1677 2274 pau-

410 2276 452 2315 lo
468 2276 553 2330 post
564 2277 738 2316 dicuntur
749 2274 835 2315 τοὺς
851 2275 1086 2328 ἐγκεφάλους
1100 2273 1163 2312 καὶ
1177 2275 1250 2312 τὰς
1265 2272 1421 2324 κοιρὲίοις
1434 2274 1677 2326 προεξυρημέ-

409 2344 483 2370 ναι.
506 2331 627 2370 Porro
650 2328 817 2368 Μακέτιν
839 2329 888 2367 ita
913 2328 1012 2367 verti
1023 2359 1038 2376 ‚
1062 2340 1109 2366 ne
1127 2327 1214 2379 quis
1241 2328 1396 2366 Mat-etin
1418 2327 1481 2366 vel
1501 2329 1677 2368 Macetum

411 2384 618 2436 proprium
635 2383 750 2422 unius
761 2382 934 2422 mulieris
950 2394 1093 2421 nomen
1108 2381 1345 2433 intelligeret.
1360 2380 1491 2421 GESN.

468 2438 548 2476 ibid.
565 2437 748 2490 Μακέτιν)
761 2437 917 2476 Nomen
929 2434 982 2475 est
995 2447 1076 2475 non
1095 2435 1293 2487 proprium
1309 2434 1409 2474 illius
1424 2434 1610 2482 mulieris,
1620 2435 1679 2475 uti

414 2491 564 2545 priores
584 2491 809 2545 interpretes
828 2501 1052 2538 verterunt,
1076 2488 1138 2529 sed
1161 2502 1242 2543 quo
1258 2489 1528 2530 tantummodo
1547 2489 1682 2543 regio⁸
