1730 3326
393 232 484 293 362
595 228 1461 277 ANNOTATIONES

361 318 366 329 ⁸
388 314 497 355 sione
513 314 641 354 nostra
655 315 887 355 studuimus:
907 315 959 354 ita
974 315 1034 354 hic
1049 313 1200 367 insignis
1215 316 1269 356 est
1284 317 1520 368 ambiguitas.
1532 314 1657 356 Potest
1716 312 1717 315 ¹

390 370 493 407 enim
507 368 596 408 illud
610 369 723 420 ἀξίαν
736 363 846 408 οὖσαν
858 369 965 408 varie
981 369 1111 421 accipi,
1124 371 1318 416 merebatur,
1334 371 1437 421 digna
1457 382 1541 414 erat,
1559 382 1658 421 quae

390 421 430 460 in
446 420 617 462 furorem
631 435 680 461 ex
700 422 841 461 invidia
863 421 1056 461 incideret.
1081 421 1136 460 At
1150 423 1351 474 privignus
1364 423 1485 462 videri
1500 422 1585 461 vult
1599 422 1662 461 di,-

391 488 497 522 cere‚
515 475 614 514 illam
635 474 887 515 misericordia
903 474 967 514 sua
980 475 1129 528 dignam
1144 474 1210 514 fibi
1225 475 1355 516 visam.
1380 475 1510 516 GEsN.
1539 475 1660 514 Privi-

391 542 511 581 gnum
532 529 567 568 id
583 529 680 568 velle
695 529 839 575 dicere,
863 529 925 568 vel
940 528 1067 568 saltem
1084 528 1202 568 videri
1217 528 1337 576 velle,
1356 541 1566 569 novercam
1585 527 1660 568 effe

392 584 548 635 dignam
562 613 574 631 ,
594 583 701 622 cuius
716 595 805 622 eum
820 581 990 621 misereat
1001 612 1014 628 ‚
1028 593 1184 634 apparet
1196 595 1244 621 ex
1258 595 1290 622 c.
1305 597 1344 628 2,
1363 582 1428 621 ubi
1448 583 1497 637 ait
1509 594 1520 620 .-
1534 581 1663 632 ἀχθο-

391 651 466 688 μαι
475 658 518 666 -
528 637 590 676 ἐπὶ
602 635 649 685 τῇ
664 634 823 685 μητρυιᾷ
831 635 1022 688 χαλεπῶς
1035 635 1185 688 ἐχούσῃ·
1198 635 1350 687 χρηστὴ
1363 637 1440 688 γὰρ
1453 637 1499 676 ὴν.
1512 634 1659 674 RHTz.

450 690 586 742 Pag.9.
601 690 624 727 l.
642 702 656 726 1
671 688 940 740 ι.’οργίζονται
958 710 1002 718 -
1013 691 1118 738 μετὰ
1136 688 1369 740 ποιρῥησίας)
1389 688 1465 728 Ubi
1478 687 1660 728 narraffet

393 742 603 783 Abdicatus
614 771 624 787 ,
637 742 959 794 quemadmodum
976 754 998 780 a
1011 752 1121 793 patre
1136 754 1343 781 novercam
1359 740 1546 781 furentem
1560 741 1663 781 sana-

393 810 435 835 re
451 795 581 843 iussus,
598 808 646 835 ex
661 794 868 834 certiffimis
883 793 995 846 signis
1006 795 1216 848 collegerit,
1233 794 1270 834 se
1281 796 1318 834 ei
1334 795 1473 834 mederi
1485 807 1564 834 non
1580 793 1664 847 pos-

395 848 433 888 se
445 865 456 897 ·‚
469 859 551 888 tum
563 848 888 901 quemadmodum
902 848 937 886 id
953 850 1047 900 patri
1067 848 1150 896 suo,
1164 849 1313 887 homini
1328 849 1426 896 rudi,
1441 847 1663 900 persuadere

398 916 478 942 non
492 903 683 954 potuerit3
699 901 863 954 denique
876 902 1197 954 quemadmodum
1214 912 1320 955 pater
1340 914 1427 941 eum
1446 903 1667 943 criminatus

396 956 460 1003 sit,
481 955 586 1008 quasi
601 954 636 995 se
653 954 830 995 consulto
847 956 936 994 huic
961 956 1014 994 rei
1035 955 1294 1004 subtraheret,
1314 968 1358 995 ac
1373 955 1664 995 imbecillitatem

398 1010 489 1050 artis
503 1009 711 1056 obiecerit;
734 1021 773 1048 at
793 1008 828 1049 se
856 1009 916 1048 illa
931 1010 1063 1049 omnia
1079 1010 1166 1049 dare
1188 996 1331 1055 d'olori,
1356 1021 1439 1061 quo
1456 1021 1560 1062 pater
1580 1016 1665 1048 tum

398 1075 600 1117 correptus
613 1062 747 1102 fuerit:
762 1062 1001 1116 Ὀργίζονταιι
1014 1062 1104 1116 γοῦν
1117 1061 1303 1111 ἅπαντες,
1318 1064 1456 1115 pergit,
1470 1062 1546 1102 τοῖς
1559 1065 1667 1113 μετὰ.

403 1118 618 1168 παῤῥησέας
628 1115 767 1157 'tannen
784 1118 950 1168 λέγουσι,
961 1123 1060 1157 πλὴν
1073 1116 1203 1169 ἔγωγε
1217 1113 1264 1156 ὣς
1275 1116 1319 1156 ἂν
1332 1113 1403 1156 οἶός
1414 1131 1456 1155 τε
1471 1109 1512 1164 (ἶ,
1528 1115 1669 1154 δικαιο-

402 1170 618 1224 λογήσομαι
645 1174 735 1223 πρὶς
760 1169 894 1218 αὐτὸν,
919 1170 984 1209 καὶ
1008 1167 1100 1222 ὑπὲρ
1124 1168 1294 1220 ἐμαυτοῦ
1307 1199 1319 1215 ,
1346 1170 1408 1208 καὶ
1430 1169 1497 1209 τῆς
1516 1170 1671 1222 τέχνης.

402 1228 527 1263 Omnes
546 1223 700 1263 nimirum
727 1222 947 1276 (quotquot
965 1223 1103 1264 scilicet
1132 1222 1339 1264 istiusmodi
1360 1223 1572 1263 calamitate
1597 1223 1670 1262 ob·

399 1277 584 1330 ruuntur)
604 1277 795 1327 irascuntur
805 1278 863 1324 iis,
876 1278 1013 1329 quisine
1027 1278 1170 1317 circuitu
1183 1279 1341 1329 &fidenti
1360 1278 1473 1318 animo
1490 1279 1607 1317 dicunt
1619 1277 1669 1324 id,

402 1333 494 1384 quod
505 1346 554 1370 res
562 1332 616 1381 cst.
633 1331 711 1383 Ego
724 1346 816 1377 vero,
826 1343 989 1383 quantum
998 1342 1128 1383 potero,
1141 1332 1232 1383 caus
1224 1345 1276 1369 am
1287 1333 1336 1371 ad
1348 1346 1420 1371 eum
1434 1345 1546 1384 agam,
1561 1331 1596 1369 G·
1630 1346 1669 1370 ro

399 1401 450 1425 me
464 1384 553 1436 ipſs),
567 1384 602 1422 ὃν
615 1397 685 1423 arte
697 1400 780 1423 mea.
794 1385 831 1424 Si
847 1385 887 1424 &
898 1384 991 1423 mihi
1004 1387 1109 1434 μετὰ
1121 1385 1334 1437 ποιρῥησέας
1343 1385 1388 1424 de
1399 1384 1474 1424 hoc
1489 1385 1580 1424 loco
1594 1346 1657 1424 ign

402 1440 562 1477 tentiam
578 1436 677 1478 ferre
696 1438 784 1477 licet
794 1469 805 1486 ‚
824 1450 904 1478 non
917 1438 1088 1477 dubitare
1101 1438 1163 1477 aio
1173 1467 1185 1483 ,
1204 1438 1295 1491 quin
1313 1437 1375 1477 hic
1388 1437 1430 1477 fit
1446 1438 1580 1478 lacuna
1593 1451 1672 1477 ma-

401 1505 477 1551 gna
491 1505 537 1531 an
555 1504 687 1545 parva.
704 1492 852 1531 Etenim
867 1492 960 1530 nihil
973 1491 1010 1530 in
1024 1491 1333 1544 praecedentibus
1344 1492 1390 1531 de
1408 1493 1518 1532 minis
1529 1492 1646 1544 patris
1658 1521 1672 1537 ,

402 1549 440 1586 ie
460 1544 578 1585 filium
591 1544 699 1585 suum
722 1544 929 1585 secundum
943 1545 1205 1585 abdicaturum
1219 1545 1412 1594 minantis;
1437 1546 1505 1598 (ex
1519 1559 1601 1598 quo
1615 1557 1673 1584 ta-

405 1612 495 1639 men
510 1610 592 1640 tota
603 1630 614 1648 ‚
635 1612 733 1652 quae
753 1598 938 1651 sequitur,
953 1598 1158 1652 disputatio
1173 1599 1311 1647 oritur,
1330 1599 1372 1639 &
1385 1598 1438 1639 ob
1454 1599 1562 1651 quod
1576 1600 1674 1639 inte-

404 1665 516 1706 grum
531 1654 608 1692 hoc
620 1653 846 1705 opusculum
859 1651 880 1691 s
876 1654 1041 1706 criptum
1053 1652 1122 1706 est)
1133 1653 1320 1693 continuo
1334 1663 1463 1692 autem
1473 1652 1576 1692 filius
1585 1665 1674 1693 cau·

405 1707 482 1746 sam
500 1708 624 1746 dicere
641 1707 770 1759 incipit
786 1717 887 1755 ante,
899 1720 1015 1759 quam
1030 1706 1066 1745 id
1078 1738 1089 1753 ,
1105 1707 1204 1746 unde
1217 1705 1329 1746 causa
1345 1718 1433 1746 nata
1445 1705 1512 1753 est,
1525 1705 1674 1760 expost-

408 1772 495 1800 tum
511 1760 576 1800 est.
591 1759 696 1812 Quis
706 1772 785 1799 tam
795 1760 989 1801 ἀσὺνὸετοι
1000 1760 1041 1799 8(
1053 1772 1200 1814 praeter
1213 1761 1398 1800 decorum
1415 1759 1615 1800 desultoria
1625 1760 1676 1799 ab

408 1814 602 1861 Luciano‚
618 1812 921 1854 artificiofiffimo
935 1813 1129 1867 scriptore,
1149 1814 1278 1854 credat
1292 1812 1366 1854 effe
1380 1812 1577 1866 profecta?
1596 1814 1676 1853 Ad-

407 1878 518 1908 verte
531 1868 719 1916 animum,
733 1867 886 1914 Lector,
900 1867 940 1908 δι
954 1880 1104 1907 mecum
1115 1867 1328 1920 deplorabis
1341 1867 1549 1921 politiffimi
1560 1867 1676 1909 huius

406 1921 582 1972 opusculi
593 1921 734 1961 vulnus
746 1922 846 1961 haud
860 1921 1037 1969 sanabile,
1052 1921 1118 1960 nisi
1133 1923 1180 1960 ab
1190 1922 1385 1974 integriori
1394 1920 1551 1961 Codice.
1566 1921 1672 1961 IENS.

409 1976 496 2028 Ego
509 1988 607 2015 vero
619 1975 711 2015 nihil
725 1975 785 2015 hic
798 1976 966 2015 vulneris
979 1976 1104 2015 video.
1119 1975 1214 2016 Satis
1225 1974 1381 2015 edoctus
1394 1975 1513 2015 lector
1525 1973 1604 2028 ipso
1617 1988 1678 2014 ar-

413 2041 598 2083 gumento
611 2028 825 2082 proposito,
839 2029 895 2075 &,
908 2029 935 2068 st
949 2029 1172 2077 dubitat,ex
1187 2030 1258 2077 his,
1271 2042 1370 2080 quae
1383 2029 1506 2069 statim
1521 2025 1681 2082 sequ'un-

410 2096 486 2132 tur,
506 2095 586 2122 rem
602 2095 726 2122 totam
743 2082 866 2122 discit:
889 2082 976 2123 satis
991 2084 1132 2122 iudices
1143 2096 1189 2122 ex
1206 2084 1322 2135 patris
1334 2083 1586 2129 accusatione,
1602 2095 1681 2136 qua

411 2138 457 2177 de
472 2149 512 2177 re
528 2147 674 2188 agatur,
693 2137 937 2185 intellexere3
963 2149 1032 2176 nec
1048 2136 1198 2188 poss'unt
1211 2136 1290 2176 ullo
1309 2137 1427 2177 modo
1440 2137 1632 2190 ignorare,
1648 2135 1680 2187 st

409 2189 628 2245 pauciffima
647 2189 728 2243 post
746 2190 837 2230 haec
849 2192 967 2231 verba
981 2192 1148 2230 audiant.
1171 2190 1298 2231 GESN.

467 2246 539 2282 ead.
553 2245 578 2282 l.
600 2257 656 2296 ¹3·
681 2240 766 2284 Οἷός
783 2259 823 2291 τε
835 2239 887 2296 Z»)
917 2245 1027 2284 lubet
1043 2245 1206 2285 Solanus
1224 2245 1260 2284 in
1276 2255 1394 2303 marg.
1408 2242 1573 2284 conferri
1585 2242 1679 2283 Pro'-

413 2298 531 2338 meth.
549 2310 583 2337 c.
600 2312 634 2350 3.
651 2296 722 2337 Sed
738 2298 824 2337 vide
839 2299 911 2336 iam
928 2298 1054 2338 Prom.
1070 2298 1085 2349 §
1101 2314 1125 2346 4
1138 2297 1162 2337 f.
1178 2299 1242 2338 ubi
1253 2294 1322 2338 οἷος
1336 2303 1365 2338 εἰ
1377 2298 1531 2350 quidem
1544 2310 1684 2337 occur-

414 2354 483 2399 rit3
500 2364 639 2390 verum
654 2351 759 2391 aliter
773 2351 1053 2394 constructum:
1069 2352 1189 2405 qualis
1201 2351 1432 2393 constructio
1451 2362 1580 2391 tamen
1596 2351 1685 2390 {atis

414 2404 665 2444 illustrabitur
677 2417 724 2444 ex
740 2405 796 2450 iis,
807 2418 905 2457 quae
920 2407 1036 2446 modo
1048 2419 1080 2446 c.
1095 2407 1295 2459 proximo,
1314 2406 1360 2444 ad
1375 2405 1494 2445 verba
1502 2406 1565 2444 nai
1575 2404 1684 2443 τοῦτ’

413 2459 560 2507 ἀκούσῃ
575 2457 696 2509 μόνον,
708 2459 888 2498 diximus.
914 2460 1061 2503 RErrz.

472 2513 568 2566 Pag.
590 2513 682 2555 10.l.
694 2527 731 2564 4,
746 2514 803 2554 T&
821 2512 1037 2556 τηλικαῦται
1048 2510 1304 2567 &wige-(5521)
1328 2512 1443 2556 Conf.
1463 2510 1574 2566 supra
1586 2511 1684 2558 Pro-2
